3159 5134
455 527 550 593 rer
575 528 608 593 J.
635 525 861 593 Messon.
1134 529 1196 620 169

123 669 231 757 bitur,
242 669 270 742 si
285 668 514 760 observemus,
520 696 627 768 pacem
639 697 713 742 cum
725 666 862 751 Parthis,
873 694 960 739 anno
970 665 1201 768 subsequente,

126 790 170 860 U.
185 787 224 861 C.
243 803 358 859 occtv
371 784 498 871 medio,
513 785 728 886 compositam
742 813 830 871 esse,
844 784 894 857 uti
909 784 991 858 alibi
1008 794 1016 824 ¹
1029 804 1107 887 post
1121 814 1204 887 prae-

123 901 299 976 laudatum
312 900 480 973 Norisium
503 899 659 1002 pluribus
672 901 847 990 evicimus;
863 930 959 1002 quarn
974 919 1081 976 tamen
1091 932 1203 1003 pacem

124 1020 278 1094 nondum
296 1020 451 1114 agitatam
478 1036 546 1092 turn
564 1019 686 1108 luisse,
714 1050 816 1121 quum
840 1022 964 1094 Noster
979 1051 1015 1095 ea
1032 1023 1205 1109 scriberet,

126 1166 166 1211 ex
190 1136 306 1211 iisdem
323 1135 432 1237 palam
447 1135 500 1223 lit,
517 1164 586 1208 non
606 1164 700 1210 serus
715 1166 751 1209 ae
768 1165 807 1210 ex
822 1165 904 1210 vers.
925 1136 995 1210 223
1010 1157 1043 1211 et
1062 1139 1154 1231 224:

297 1309 430 1378 Tempora
444 1327 493 1362 nee
504 1328 632 1374 numera,
645 1328 695 1361 nec
706 1308 800 1362 crebro
811 1311 910 1378 respice
924 1310 1056 1376 Romarm

330 1401 383 1455 sed
395 1402 474 1471 luge:
487 1412 557 1455 tutus
568 1405 652 1455 adhue
660 1405 770 1455 Parthus
784 1403 816 1456 ab
831 1403 904 1456 hoste
908 1403 978 1471 luga
990 1415 1042 1458 est:

129 1545 219 1618 uude
240 1573 309 1617 non
325 1543 410 1617 male
426 1527 513 1617 idern
529 1543 808 1618 eminentissimus
825 1545 875 1617 vir
892 1544 1040 1641 colligit,
1061 1544 1204 1619 Parthos

130 1688 199 1734 rem
218 1658 334 1760 praelio
352 1658 525 1733 decernere
538 1659 755 1734 detrectantes
769 1715 778 1749 ‚
793 1659 879 1734 intra
892 1659 1072 1746 munitiora
1084 1660 1206 1761 oppida

131 1803 167 1849 se
181 1776 396 1849 continuisse.

182 1895 227 1966 ll.
249 1893 412 1967 Praeterea
424 1895 514 1967 Naso
529 1893 709 1989 significat,
726 1922 761 1968 se
773 1894 863 1967 hune
877 1894 1095 1968 Rernedrbrum
1107 1895 1207 1967 Amo

132 2010 175 2082 ris
198 2008 326 2082 librum
348 2005 459 2108 aliquo
477 2026 556 2108 post
574 2013 688 2083 Artem
705 2010 903 2085 Avnotoriom
927 2027 1075 2110 tempore
1094 2036 1219 2082 exara-r

132 2126 241 2213 visse,
257 2153 361 2226 quum
377 2124 424 2197 sie
441 2123 596 2198 orditur:

301 2297 413 2366 Legerat
422 2296 501 2366 hujus
514 2296 599 2350 Amor
610 2296 718 2352 titulum
728 2316 879 2367 nomenque
890 2296 983 2351 libelli:

334 2387 407 2440 Bella
419 2387 499 2455 mibi,
512 2388 605 2454 video,
618 2387 685 2442 bella
698 2400 838 2458 parantur,
851 2389 894 2443 ait

300 2480 382 2533 Parce
395 2490 470 2576 tgum
481 2489 569 2532 vatem
580 2479 683 2533 sceleris
694 2479 835 2547 damnare,
850 2480 971 2550 Cupido,
984 2491 1033 2536 etc.

305 2567 379 2637 Saepe
391 2577 483 2639 tepent
494 2569 536 2623 alii
546 2571 656 2638 juvenes
667 2591 673 2623 ι
684 2590 733 2641 ego
743 2591 849 2641 semper
860 2575 959 2639 amavi,

337 2660 373 2713 Et
383 2660 404 2713 si
415 2700 422 2725 ,
434 2660 499 2739 'quid
510 2661 604 2715 faciam
614 2682 687 2716 nune
698 2682 820 2732 quoque,
834 2663 941 2733 quaeris;
955 2682 1023 2716 amo.

305 2752 380 2820 Quin
393 2751 472 2804 etiarn
484 2756 572 2816 docnt,
589 2773 639 2821 qua
651 2754 730 2822 possis
742 2755 824 2808 Am
837 2756 921 2823 parari
933 2777 940 2819 ;

334 2842 371 2896 Et
384 2843 454 2912 quod
467 2864 539 2897 nune
549 2847 616 2899 ratio
628 2856 683 2912 est,
696 2845 810 2915 impetus
824 2857 884 2899 ante
895 2846 951 2900 fuit.

302 2937 411 3003 Necte,
424 2936 518 2990 blande
531 2958 612 3008 puer,
625 2958 674 2992 nec
686 2953 809 2993 ttosrtttts
822 2939 959 3009 prodimus
970 2938 1084 3002 Attrtts;

334 3028 391 3082 Nec
401 3047 470 3082 nova
477 3033 626 3096 preteritum
639 3029 716 3084 Musa
728 3030 823 3085 retexit
833 3050 902 3100 opus.

189 3174 252 3245 lll.
281 3173 460 3261 Ceterum,
482 3172 559 3248 licet
581 3173 731 3270 vulgares
753 3175 833 3248 editi
852 3174 982 3248 codices
996 3173 1064 3247 ltaee
1080 3172 1209 3248 Amon's

136 3286 292 3363 Remedio
308 3287 342 3360 in
359 3288 445 3362 duos
462 3289 611 3370 dividant
629 3290 755 3376 libros,
779 3288 833 3363 alii
860 3308 967 3364 tamen
989 3288 1079 3363 MSS
1104 3315 1208 3361 unum

137 3405 243 3481 modo
253 3403 376 3478 librum
386 3404 526 3492 sariunt,
544 3423 583 3479 ut
595 3404 838 3482 illustrissimus
852 3404 962 3480 Nicol.
976 3404 1135 3478 Heinsius
1147 3433 1209 3478 nos

137 3521 265 3594 docuit.
283 3523 362 3594 'Nec
378 3520 472 3595 aliter
488 3522 628 3622 ipsemet
645 3523 806 3612 Ovidius,
825 3523 882 3624 qui
901 3550 996 3595 versu
1019 3548 1032 3592 1
1051 3522 1117 3620 jam
1132 3549 1208 3622 pro·

137 3635 210 3708 lato
227 3635 360 3709 le'bellum
377 3634 441 3708 boc
458 3665 576 3738 poema
592 3655 706 3726 vocat,
723 3638 917 3710 observante
934 3635 1048 3710 eodem
1066 3634 1106 3708 el.
1124 3635 1205 3710 viro.

138 3754 222 3825 llaec
238 3770 345 3826 tamen
361 3752 466 3841 ratio,
481 3752 510 3826 si
525 3751 597 3827 sola
613 3753 716 3842 soret,
734 3782 804 3827 rem
822 3752 941 3826 invicte
957 3780 1030 3854 non
1041 3750 1208 3839 deliniret,

138 3866 410 3969 quandoquidem
427 3872 550 3945 Noster
565 3871 664 3944 libelli
677 3899 812 3971 quoque
824 3869 957 3944 nornine
970 3871 1083 3945 Artem
1101 3872 1208 3941 Arno-

136 3984 250 4057 toriam
276 3984 384 4059 tribus
408 3985 504 4061 libris
527 4004 714 4062 contextam
735 3986 911 4082 indigitat,
938 3986 1040 4063 Trist.
1066 3984 1124 4058 lib.
1151 3985 1207 4070 ll,

138 4126 224 4173 vers·
245 4099 325 4193 545.

173 4301 180 4329 ¹
201 4296 263 4351 Jani
275 4299 365 4369 templ.
377 4299 468 4355 Reser.
480 4319 538 4370 pag.
552 4301 678 4355 Sto-352.
