3159 5134
607 547 729 615 IBIS.
1155 553 1199 641 39

178 690 228 760 Ut
243 686 296 761 cni
315 713 412 760 causa
428 687 519 760 necis
536 712 623 759 serra
639 703 767 787 reperta
781 685 865 773 tuin
1151 708 1201 759 500

131 801 234 905 Lydia
249 830 283 877 se
301 799 448 903 scopulis
463 817 503 873 nt
516 800 609 897 virgo
626 801 717 876 misit
733 801 776 874 ab
793 801 889 889 altis,

181 922 320 995 Dixerat
334 920 439 992 invito
456 947 528 1019 quar
546 917 632 993 mala
648 918 747 992 verba
764 919 848 993 Deo.

135 1038 225 1110 Furta
240 1036 304 1109 tibi
325 1053 478 1109 occurrat
495 1035 603 1137 patrio
620 1033 796 1135 popularis
810 1034 845 1105 in
861 1061 957 1122 arro,

183 1155 299 1255 Sitque
316 1151 486 1252 Phayllea
501 1180 597 1229 nausa
614 1152 714 1226 leaena
729 1151 830 1224 necis.

139 1274 271 1374 Quique
285 1271 494 1373 Lycurgiden
509 1270 640 1357 letavit,
659 1287 692 1344 et
707 1269 825 1343 arbore
842 1286 976 1356 natum,
1155 1292 1204 1343 505

183 1388 389 1487 Idmonaque
405 1386 578 1475 audacem,
597 1405 628 1465 te
644 1413 777 1486 quoque
793 1403 927 1485 rumpat
941 1413 1029 1486 aper.

140 1508 233 1606 Isque
249 1503 303 1578 vel
318 1502 476 1577 exanimis
493 1502 591 1576 faeiat
606 1501 669 1574 tibi
683 1499 818 1588 vulnus,
834 1516 874 1573 ut
886 1498 953 1585 illi,

141 1681 225 1740 geret,
239 1689 254 1725 e
266 1669 375 1739 scopulo
385 1688 412 1722 se
422 1687 483 1723 enm
496 1667 551 1721 lilio
566 1669 647 1722 Pale·
695 1667 898 1723 Grammaticus.
919 1670 1032 1721 letandi
1049 1666 1130 1721 verbo
1146 1685 1208 1722 usus

141 1768 215 1804 mone
224 1747 325 1801 dimisit
335 1746 364 1801 in
373 1767 446 1801 mare
455 1766 461 1800 ε
470 1746 526 1801 bec
536 1747 648 1803 nutrivit
696 1747 794 1801 Noster
806 1748 916 1801 Metam.
930 1747 990 1813 lll,
1004 1756 1031 1799 et
1042 1745 1166 1816 Virgilius
1180 1748 1209 1800 in

141 1826 282 1881 Bacchum.
698 1824 806 1891 (lubre,
820 1828 876 1892 324.
895 1824 1005 1878 Adonin
1022 1835 1112 1878 antem
1129 1825 1210 1879 intel-

172 1910 228 1959 500,
244 1907 423 1957 Ulcnicausa.
432 1903 537 1969 Perdix,
547 1902 647 1958 Daedali
697 1904 761 1972 tigit
774 1904 811 1957 H.
821 1933 854 1943 -
869 1906 964 1971 Quique
972 1904 1138 1974 Lycurgr'den.
1152 1903 1209 1973 Ego

142 2003 219 2052 nepos
232 2003 263 2035 er
278 1998 387 2047 sorore,
406 2000 488 2050 quum
506 2001 605 2035 serram
622 1991 650 2034 et
699 1984 844 2050 Ancaeum,
859 1984 972 2054 Lycurgi
986 1993 1014 2036 et
1028 1982 1159 2036 Antinoes
1170 1984 1209 2036 li-

143 2061 267 2115 cirn'num
279 2059 388 2129 ingenio
398 2077 446 2112 suo
458 2058 647 2124 adinvenisset,
697 2062 779 2128 lium¹
793 2062 908 2130 itemque
918 2061 1070 2116 Adonidem
1084 2073 1112 2116 et
1122 2063 1211 2118 ldmo-

144 2138 241 2193 Daadali
251 2137 351 2191 invidia
361 2137 478 2207 dejectus
486 2158 518 2191 ex
528 2139 610 2203 turri,
621 2136 650 2189 in
698 2158 760 2192 nem
771 2140 859 2209 (quos
869 2150 895 2192 et
907 2140 977 2193 inter
986 2139 1151 2209 Argonautas
1161 2160 1212 2194 nu·

145 2237 216 2271 avem
225 2216 267 2271 sui
280 2215 396 2270 nominis
406 2227 445 2269 est
453 2235 601 2270 conversus.
699 2221 822 2283 merant)
837 2216 970 2286 intelligo;
985 2216 1045 2269 vide
1055 2218 1209 2290 Hyginum,

175 2296 332 2366 lonlydia.
345 2295 418 2347 Mars
428 2294 507 2348 llicen
519 2293 591 2366 lbyci
601 2294 652 2366 Ly·
700 2315 753 2365 cap.
766 2297 831 2363 247,
845 2295 877 2348 de
889 2294 919 2348 iis
933 2295 978 2363 qui
991 2295 1046 2363 apri
1057 2296 1111 2349 ictu
1122 2297 1213 2349 conci.
1304 2321 1306 2325 -

147 2372 179 2425 lii
190 2372 272 2425 liliam
285 2372 399 2437 amavit,
418 2390 477 2441 quar
492 2383 547 2425 tnta
557 2371 652 2425 Diana
700 2374 877 2428 derunt-Et
888 2377 976 2426 arbore
988 2381 1082 2426 nalum.
1093 2374 1211 2428 Adonim

146 2450 650 2518 anxilio‚amoresMartiscoutemuens,
699 2450 1213 2526 intelligit,CinyraCypriregeetMyr-

147 2531 205 2585 diris
227 2530 459 2599 imprecationibus
481 2531 509 2582 in
533 2529 651 2583 furorem
700 2531 809 2599 rbajam
819 2532 914 2585 arbore
924 2542 1034 2595 natum,
1048 2551 1129 2600 quern
1141 2533 1226 2598 iuves

148 2621 199 2664 aeta
210 2630 239 2665 sc
250 2610 357 2665 demisit
368 2629 383 2663 e
394 2609 509 2680 scopulo.
523 2609 602 2664 Dour.
620 2637 653 2650 ·-
700 2629 766 2663 nem
777 2608 867 2675 Mars,
881 2609 907 2661 in
924 2609 996 2677 porci
1009 2609 1140 2681 sylvestris
1154 2631 1211 2680 spe-

148 2691 238 2743 Lirida
249 2688 375 2758 quidam3
389 2689 474 2760 lydia
486 2688 576 2742 nostri.
700 2688 768 2741 ciem
779 2687 947 2754 formamque
962 2697 1079 2740 mutatus
1092 2726 1100 2752 ‚
1118 2698 1146 2740 ut
1161 2688 1212 2742 ribi

178 2768 336 2819 bombasio.
348 2765 555 2833 Ικςομίινιίίυ,
570 2765 652 2830 (nam
701 2765 798 2834 primas
817 2765 954 2817 inaniore
968 2763 1081 2817 Veneris
1095 2764 1213 2819 vindica-

148 2844 173 2897 id
185 2844 332 2914 epithetum
342 2844 424 2897 Marti
437 2844 654 2899 convenientissi—
701 2851 764 2908 τοι,
783 2841 887 2894 incaute
908 2850 1000 2895 contra
1019 2860 1046 2893 se
1069 2852 1210 2908 ruentem,

149 2941 236 2984 mum,
256 2922 301 2992 qui
316 2922 390 2976 Deus
400 2933 440 2976 est
451 2921 535 2990 belli)
551 2920 593 2974 vel
608 2927 654 2974 im
701 2918 844 2989 permistim
855 2916 914 2970 vide
924 2918 1051 2972 Nostrrrm
1064 2917 1107 2970 lib.
1119 2919 1145 2971 Χ
1153 2918 1212 2972 Me·

150 3008 220 3066 νίκη
238 3000 266 3053 id
283 3010 338 3068 est,
360 3001 391 3053 ab
408 3001 462 3069 ipsa
477 2999 539 3053 odio
558 2999 654 3053 habito.
702 2998 1013 3067 tamorprtnAunn.
1051 3062 1059 3075 ,

182 3081 237 3132 503.
248 3083 339 3132 Patrio
340 3083 473 3147 populant
482 3084 511 3131 ris
522 3098 590 3132 arro.
602 3077 656 3131 Hic
736 3078 793 3131 sot.
800 3079 959 3144 ldmonayoe,
969 3074 1076 3141 isimon,
1084 3075 1212 3144 Apollinis

153 3154 228 3213 Ovid-
251 3156 332 3210 lbidis
358 3157 467 3225 patriam
490 3155 655 3209 subindicat:
703 3164 730 3208 et
738 3152 1052 3220 Pheretioeliliusrrel,ut
1061 3148 1212 3218 albeolum,

154 3256 213 3289 nam
222 3236 300 3290 initio
310 3236 390 3306 buius
401 3236 494 3304 libelli,
510 3255 571 3291 eum
584 3234 656 3304 quasi
704 3231 823 3286 mune.
830 3230 866 3285 Et
874 3234 995 3284 audacem
1003 3240 1080 3298 poeta
1088 3229 1162 3283 illum
1171 3249 1215 3283 vo·

155 3314 278 3387 Libycum
293 3334 349 3368 esse
364 3315 534 3369 ostendimus.
548 3314 658 3368 Etenim
704 3322 755 3378 cat,
763 3312 836 3383 quia,
844 3329 928 3380 quum
936 3310 1045 3367 sciretse
1055 3309 1082 3362 in
1089 3309 1131 3362 illa
1138 3328 1214 3377 expe·

154 3392 282 3460 leonibus,
291 3412 358 3462 quos
364 3394 658 3463 Mutspoputmsttaso
705 3391 806 3446 ditione
825 3388 990 3457 (eratenim
1004 3398 1075 3442 vates
1087 3389 1098 3453 )
1112 3388 1215 3457 peritn-

154 3483 239 3540 vocat,
250 3472 333 3544 Libya
346 3483 435 3526 scatet.
448 3473 659 3527 sane—Fata.
704 3487 786 3521 rum:
799 3479 889 3522 tamen
909 3485 962 3519 una
978 3484 1040 3519 curn
1055 3463 1216 3535 Argonautis

155 3553 458 3624 Papbagus,Ambracire
465 3572 521 3619 rex,
531 3570 613 3621 quum
620 3550 660 3604 in·
708 3548 780 3616 Argo
791 3548 879 3600 navim
891 3544 1051 3599 conscendit·
1068 3544 1215 3613 Quumque

155 3630 255 3686 udi-u
263 3632 294 3691 in
303 3633 415 3686 lemnam
423 3628 513 3685 catulis
524 3629 659 3698 stipatam,
707 3626 871 3694 aliquantum
884 3624 983 3679 asoeiis
997 3624 1141 3677 secessisset
1154 3661 1162 3689 ‚
1183 3623 1215 3676 ab

155 3709 181 3765 in
191 3711 272 3765 bortis
281 3711 334 3767 suis
346 3710 465 3775 abeaest
473 3708 619 3761 dilaniatus.
708 3724 772 3774 apro
795 3703 892 3757 occissus
914 3713 973 3769 est,
994 3713 1025 3755 ut
1043 3700 1168 3770 Orpbeus
1189 3712 1219 3754 et

187 3792 243 3856 504.
258 3791 343 3858 silique
355 3791 498 3860 Phayllaeae.
511 3787 580 3855 Lege
591 3788 662 3839 Pha·
709 3782 864 3852 Apollonius
877 3791 1013 3839 testantur.

156 3871 228 3919 lecet
239 3860 417 3921 exAsrtonino
425 3864 552 3935 Liberali,
563 3864 615 3917 lab.
623 3880 662 3916 lv.
743 3868 799 3933 507.
811 3867 884 3931 Isque
894 3864 942 3914 vel.
957 3863 989 3915 ln
1006 3880 1067 3931 agro
1085 3858 1218 3913 Possidio·

157 3946 308 4005 Parrhasius
317 3965 348 3999 ex
355 3942 663 4016 AElianoleylleaescri-
710 3940 843 4003 niatmum
859 3940 887 3992 in
904 3939 1010 4008 regione
1024 3935 1223 4007 Andragatbia:

156 4028 240 4081 bebat.
250 4028 352 4080 Hmtts.
366 4027 407 4079 lta
417 4035 446 4079 et
457 4024 547 4078 nostri·
710 4039 782 4090 qutey
795 4034 878 4089 quum
887 4016 1167 4081 venandoexcelleret‚
1179 4034 1220 4068 ca·
1233 4066 1235 4071 ,

189 4108 246 4159 5⁰5.
267 4110 363 4173 Quique
377 4106 533 4175 Lycurgiden
545 4104 667 4155 laceravit
711 4109 867 4168 piarumque
880 4095 995 4151 ferarum
1007 4094 1091 4163 capita
1102 4103 1129 4146 et
1140 4091 1220 4161 pedes

158 4186 286 4236 abatbm
294 4191 389 4235 ratum.
402 4179 493 4234 Scribe
501 4182 590 4232 letavit
596 4187 622 4230 et
627 4196 667 4230 ar·
712 4176 937 4238 murmuriosa,
946 4183 1021 4243 capto
1029 4171 1130 4241 ingenti
1141 4188 1220 4238 apro,

158 4258 468 4315 tomamuncnmturesi
475 4256 552 4323 libro,
560 4255 666 4324 aliisque
712 4255 799 4315 solum
809 4262 886 4322 caput
901 4252 988 4307 arbori
1004 4248 1145 4319 adpendit,
1162 4249 1221 4301 Dea

160 4340 309 4404 nonnullis;
323 4349 401 4408 atque
412 4336 448 4391 ita
461 4337 525 4391 citat
535 4333 668 4406 Eutyches
713 4341 866 4400 contempta
876 4351 884 4395 ;
897 4348 957 4384 mor
965 4346 1048 4397 quum
1059 4325 1154 4380 eodem
1164 4325 1222 4379 loco
