3159 5134
364 519 425 611 ¹94
691 522 729 585 n.
760 519 943 588 ovrnu
969 520 1097 587 vlrn

508 671 510 681 '
522 657 569 713 Illa
581 657 689 727 quidem
701 656 787 712 fateor
796 657 890 713 frontis
901 676 957 712 non
966 676 1022 712 esse
1032 676 1130 713 oererae

551 750 669 820 Scripta,
681 760 729 804 ete

357 866 505 942 Tandem
522 895 603 942 vers.
623 866 694 959 345
713 895 802 968 sqq:

520 1013 586 1068 Hae
598 1013 644 1067 tibi
656 1032 699 1067 roe
709 1014 823 1067 invisum
836 1012 937 1068 lascivia
948 1012 1027 1079 tecit,
1039 1014 1074 1067 ob
1088 1016 1179 1078 Ades,
1272 1073 1281 1087 ,
1306 1020 1310 1031 “

552 1104 628 1174 Quas
639 1115 710 1159 ratus
719 1123 762 1172 es,
775 1105 868 1158 vetitos
878 1103 1025 1159 sollicitasse
1040 1115 1118 1160 toros
1240 1142 1245 1151 ‚

520 1196 575 1251 Sed
586 1215 674 1267 neque
686 1214 729 1250 me
742 1205 832 1266 nupto
841 1194 991 1251 didicerunt
1003 1196 1075 1251 turra
1087 1198 1210 1271 magistro
1222 1217 1229 1250 :

551 1287 687 1359 Quodque
698 1307 793 1358 parum
803 1288 894 1355 norit,
908 1307 989 1342 nemo
1000 1288 1095 1343 docere
1106 1299 1199 1359 potest.

520 1379 565 1435 Sie
575 1399 626 1451 ego
637 1380 756 1447 delicias,
769 1391 797 1433 et
807 1379 897 1433 mollia
907 1379 1025 1434 carmina
1034 1378 1102 1446 feei,

551 1472 694 1527 strinxerit
704 1482 735 1526 ut
746 1491 845 1525 nomeu
857 1469 943 1525 tabula
953 1470 1025 1526 nulla
1035 1490 1136 1526 meum.

520 1564 577 1618 Nee
587 1569 717 1632 quisquan
728 1573 767 1617 est
779 1561 846 1616 adeo
857 1563 945 1619 media
958 1563 989 1617 de
1002 1563 1077 1634 plebe
1088 1570 1209 1628 mitur,

550 1655 690 1709 Utdubius
700 1655 765 1707 vitio
776 1654 809 1707 sit
816 1664 891 1722 pater
902 1653 943 1709 ille
955 1674 1024 1708 meo.

518 1744 606 1799 Crede
621 1744 686 1799 mihi
697 1767 704 1809 ;
716 1764 796 1798 mores
806 1741 904 1799 distant
915 1765 930 1798 a
941 1750 1053 1799 carma'ere
1063 1757 1171 1799 nostro:

556 1840 617 1891 Vita
626 1842 764 1891 uerecunda
775 1848 832 1903 est,
846 1838 925 1891 Musa
936 1837 1021 1905 jocosa
1032 1836 1114 1904 mihi,
1127 1828 1176 1891 ete

401 1958 459 2030 vl.
478 1954 544 2029 Sed
560 1955 625 2055 jam
648 1956 727 2031 sutis
748 1955 789 2028 de
810 1973 924 2030 CAUSA
944 1973 1068 2030 Poentu
1088 1955 1249 2042 diximus,
1275 1985 1363 2032 nune
1381 1958 1422 2032 de

352 2093 496 2148 GENERE
513 2072 657 2171 ejusdem
674 2100 780 2174 pauca
795 2073 934 2147 veniunt
949 2070 1245 2147 animadvertenda.
1260 2073 1421 2169 Quamvis

352 2207 462 2265 autem
479 2218 513 2264 se
531 2191 653 2292 passim
672 2208 861 2272 exsoluta,
887 2218 924 2264 ac
942 2189 977 2264 in
999 2209 1173 2265 exsulum
1197 2217 1267 2266 esse
1283 2191 1419 2265 missum

353 2305 462 2394 dieat3
489 2323 628 2380 attamen
646 2325 736 2381 cavet
752 2334 796 2379 ne
811 2307 1002 2396 credamus,
1026 2336 1102 2382 eum
1126 2307 1261 2411 proprie
1284 2306 1420 2380 exsulem

350 2419 454 2493 fuisse
465 2476 474 2508 ,
487 2449 589 2520 quum
600 2420 744 2515 Augusti
759 2421 867 2494 edicto
882 2438 1087 2496 RELEGATUS
1100 2439 1231 2496 tantum
1246 2418 1417 2494 diceretur.

351 2539 438 2612 Rem
454 2554 624 2625 accurate,
642 2536 743 2637 Trist.
773 2536 838 2610 lib(
858 2536 913 2623 ll,
943 2539 1176 2641 prosequitur,
1193 2535 1253 2611 ubi
1276 2535 1419 2636 primunr

354 2653 492 2728 casaris
502 2651 708 2727 elementiam
719 2650 831 2727 laudat
840 2681 928 2753 „qua
941 2653 1008 2727 sibi
1021 2653 1088 2727 vita
1100 2681 1171 2726 non
1184 2650 1285 2725 suerit
1297 2667 1419 2751 erepta,

351 2796 434 2843 vers.
459 2767 638 2842 125-128:

521 2898 607 2971 Cujus
617 2898 644 2952 in
657 2908 753 2952 eventu
762 2919 843 2966 pene
853 2902 986 2952 clementia
997 2909 1069 2953 tanta
1080 2909 1133 2967 est,

489 3016 491 3021 ·
551 2991 592 3046 Ut
602 2988 685 3045 fuerit
696 3002 785 3049 nostro
797 2991 937 3045 leniorille
947 3002 1029 3049 metu.

520 3086 582 3163 Vtra
596 3082 657 3138 data
669 3093 722 3149 est,
737 3082 854 3155 citraque
866 3102 959 3165 necem
972 3094 1017 3141 tua
1028 3082 1143 3138 constitit
1154 3084 1192 3137 ira
1199 3122 1209 3151 ,

548 3173 576 3227 0
587 3173 708 3255 princqps
719 3192 795 3243 parce
809 3173 908 3229 viribus
919 3192 965 3229 ure
978 3173 1044 3227 tuis!

355 3295 450 3367 Hane
461 3310 568 3368 tamen
584 3292 714 3368 laudem
725 3322 795 3366 non
805 3321 922 3394 parum
935 3293 1074 3384 minuit,
1091 3294 1182 3397 quod
1195 3295 1334 3398 ipsemet
1349 3295 1414 3385 ait,

354 3436 436 3485 vers.
460 3406 527 3510 193
545 3426 578 3482 et
601 3410 691 3508 194:

518 3554 665 3624 Quumque
678 3550 861 3609 attenuarunt
872 3553 925 3607 eine
936 3555 1055 3624 gratim
1065 3554 1162 3626 tegni,

550 3645 670 3701 Ulterior
680 3645 763 3715 nulli,
773 3663 857 3725 [quam
867 3646 949 3714 mihi,
961 3657 1032 3701 terre
1044 3645 1105 3733 data
1113 3656 1160 3703 eat.

354 3766 449 3864 Quin
466 3765 565 3841 etiam
581 3766 727 3860 Augusti
743 3763 915 3843 clementia
929 3765 1035 3863 maior·
1049 3765 1164 3847 luitin
1182 3765 1231 3841 D.
1251 3763 1415 3853 &laum

356 3880 414 3982 qui
430 3880 461 3953 ia
476 3900 579 3954 nuru
596 3881 738 3980 Augusti
756 3879 893 3967 adulter,
912 3908 1082 3981 quanquam
1099 3908 1158 3953 aaa
1175 3881 1349 3980 ultrasaret
1360 3908 1420 3954 soe·

356 3997 465 4082 ritum,
490 4023 581 4099 qaam
596 4010 631 4069 ut
644 3996 776 4068 amictu
801 3992 935 4070 Casani
950 3996 1179 4097 pralr'bcretar,
1203 3996 1344 4070 easdam
1363 3997 1423 4071 sibi

356 4114 524 4198 intellexit,
544 4129 696 4185 narrante
712 4112 829 4187 Tacito
846 4121 855 4153 ¹
869 4142 877 4203 ς
897 4141 1000 4214 quum
1016 4131 1092 4189 ante
1108 4112 1264 4200 dixisset,
1281 4115 1420 4209 Augus·

386 4278 397 4314 ¹
413 4277 510 4335 Annei.
521 4275 565 4331 lib.
577 4274 634 4342 111,
643 4293 699 4344 cap.
710 4278 750 4341 ²4·
