3159 5134
365 587 431 631 200
648 649 650 653 Ι
696 566 735 630 Ρ.
762 563 942 631 OVIDll
966 564 1101 630 VITA

363 707 438 780 Hoc
454 722 562 779 autem
578 731 693 805 poema
709 724 757 778 xv
776 703 872 778 libris
883 721 1076 779 contentum
1091 702 1214 791 fuisse,
1234 721 1351 777 auctor
1364 704 1435 806 ipse

362 840 495 907 mouet,
514 822 617 896 Trist
634 820 694 894 lib.
713 823 748 909 l,
764 821 859 917 Eleg.
878 839 911 910 1,
930 849 1013 906 vers,
1036 845 1101 920 ¹¹7
1121 850 1129 893 ε

529 967 600 1022 Sunt
613 987 717 1037 quoque
729 977 837 1022 mutate
849 973 1002 1037 tescumque
1014 971 1143 1021 wluurr'rra
1153 967 1265 1035 forme,

558 1049 652 1120 Nuper
664 1050 697 1103 ab
708 1049 834 1118 exsequiis
844 1049 962 1104 carmine
972 1059 1046 1119 rupta
1058 1048 1138 1114 mein

364 1168 454 1270 quod
470 1166 593 1268 repetit
606 1164 665 1240 lib.
685 1167 754 1254 ΙΙΙ,
770 1164 868 1262 ΧΕΙιὲς.
886 1185 961 1253 XIV,
977 1193 1059 1241 vers.
1083 1170 1200 1268 1944.

410 1286 454 1356 X.
479 1283 540 1355 Est
562 1297 595 1355 et
610 1279 701 1354 aliud
719 1309 824 1383 opus,
849 1280 940 1382 quod
958 1281 1071 1356 Ovidii
1094 1282 1253 1378 relegatio
1285 1282 1435 1386 abrupit,
1529 1295 1535 1305 '

362 1399 559 1473 uiuorum
578 1425 695 1499 nempe
713 1397 837 1485 libros,
855 1399 895 1472 dc
912 1398 1037 1499 quibus
1054 1399 1102 1473 sic
1117 1399 1161 1473 ud
1174 1400 1365 1496 Augustum
1377 1403 1434 1504 ip·

369 1533 494 1601 semet,
511 1514 611 1588 Trist.
629 1511 690 1588 lib.
708 1516 763 1601 ll,
780 1543 862 1590 vers.
883 1513 1069 1615 549—552:

531 1661 583 1716 Sex
594 1680 644 1733 ego
656 1664 787 1716 Fastorum
798 1660 887 1733 arripui
902 1661 1066 1734 totidemque
1077 1662 1176 1718 lmellos
1189 1685 1196 1727 ;

560 1744 684 1815 Cumque
698 1765 747 1800 suo
759 1745 841 1800 linem
854 1766 946 1801 mense
957 1747 1082 1801 volumen
1094 1745 1181 1801 habet.

531 1830 614 1901 ldque
628 1842 675 1885 tuo
685 1851 771 1900 nuper
781 1832 908 1901 scriptum
919 1831 968 1884 sub
980 1830 1104 1900 nomine,
1118 1830 1223 1899 Cesar,

561 1913 596 1967 Et
608 1914 654 1969 tibi
665 1925 797 1969 meretum
806 1934 862 1968 sors
873 1933 933 1968 men
943 1914 1014 1986 rupit
1025 1933 1099 1985 opus.

367 2032 456 2106 Hinc
478 2030 579 2129 vulgo
605 2032 693 2108 docti
717 2051 832 2123 emut,
850 2033 1009 2109 Ovidium
1025 2032 1182 2108 duodeaiu
1199 2035 1375 2108 Fastorum
1392 2032 1433 2107 li-

366 2149 448 2225 bros
464 2149 652 2251 scripsisse,
676 2180 818 2251 quorum
834 2179 891 2225 sex
905 2151 1105 2253 posteriores
1119 2149 1288 2252 perierint.
1307 2151 1433 2223 Verum

365 2263 394 2337 si
413 2261 508 2336 liceat
524 2264 566 2337 ab
584 2263 803 2338 eruditiorum
821 2265 981 2339 sententia
998 2293 1144 2340 seorsum
1160 2263 1266 2350 abire,
1285 2260 1374 2336 ultro
1385 2262 1434 2336 sa·

367 2380 484 2471 tebor,
503 2399 633 2483 poetam
645 2382 711 2456 hoc
723 2380 799 2456 loco
814 2385 854 2455 de
865 2412 920 2457 sex
933 2400 1060 2458 tautum
1075 2382 1171 2457 libris
1184 2380 1434 2478 intelligendum

366 2524 448 2570 esse.
465 2499 534 2571 Nec
553 2497 639 2571 euim
655 2496 744 2571 aliud
761 2497 828 2572 sibi
841 2497 922 2573 velle
935 2499 1016 2573 mihi
1032 2499 1177 2587 videtur,
1194 2516 1434 2601 preterquam,

367 2611 456 2713 quod
470 2612 640 2714 scripserit
650 2642 706 2687 sex
722 2613 904 2700 Fastorum,
918 2615 983 2689 hoc
997 2633 1066 2703 est,
1082 2643 1139 2690 sex
1156 2615 1291 2701 Fostos,
1308 2642 1366 2689 seu
1378 2641 1436 2688 sex

365 2729 492 2817 Fastis,
517 2747 615 2831 atque
632 2729 772 2817 totidem,
802 2758 860 2807 seu
876 2759 932 2806 rex
948 2731 1047 2806 etiam
1066 2731 1177 2831 libros,
1199 2730 1256 2833 qui
1273 2730 1369 2805 Fasti
1389 2729 1434 2804 ah

369 2874 410 2920 eo
427 2845 517 2920 suere
535 2845 634 2933 dicti,
655 2844 731 2946 quia
747 2845 865 2920 iisdem
879 2848 999 2948 sprota
1011 2861 1146 2948 ternpore
1158 2847 1266 2922 Fastis
1281 2862 1399 2920 tracus
1409 2854 1434 2913 Β
1546 2852 1553 2869 “

371 2991 408 3036 ac
425 2979 464 3036 ut
479 2960 643 3037 Faustib.
662 2963 710 3034 IV
725 2960 824 3035 initio
840 2962 907 3036 ait:

531 3109 665 3179 Tempora
676 3129 738 3164 cum
750 3110 833 3165 cautio
845 3082 990 3166 Annalibus
1002 3121 1077 3166 erute
1088 3110 1195 3182 priscis,

564 3192 699 3263 lupusque
710 3194 759 3248 sub
770 3205 869 3260 terras,
880 3204 990 3263 ortaque
1001 3193 1075 3265 signa
1086 3212 1159 3248 cauo.

366 3307 448 3384 lude
461 3326 512 3383 est
528 3311 620 3410 quod
637 3310 776 3401 ibidem,
798 3311 1028 3387 Germanicum
1044 3312 1205 3388 Cesurem
1225 3311 1431 3416 adloquens,
1538 3356 1543 3361 ·

367 3423 476 3515 addit,
493 3455 577 3501 vers.
603 3453 646 3528 ¹9
660 3444 695 3503 et
710 3453 757 3501 20
771 3460 779 3502 :

529 3574 559 3629 Si
571 3595 622 3646 qun
634 3587 724 3631 tamen
736 3595 795 3647 pars
809 3589 833 3632 te
846 3577 879 3633 de
893 3579 981 3632 Fastis
993 3588 1099 3649 tangere
1110 3576 1206 3646 debet,

568 3663 666 3725 Cesar,
679 3661 708 3715 iu
719 3664 818 3730 Aprili,
831 3681 883 3732 quo
896 3662 1026 3731 tenearis,
1040 3661 1136 3730 habes,
1151 3672 1201 3716 etc

367 3775 528 3850 Eumdem
545 3806 679 3879 quoque
697 3806 831 3853 sensum
845 3781 981 3854 omuino
995 3778 1181 3867 coufirmat,
1198 3807 1301 3882 quum
1313 3781 1437 3855 Noster

370 3890 564 3991 subjungit,
582 3894 826 3970 antecedentem
846 3925 974 3971 versum
989 3897 1225 3999 expositurus:

540 4038 663 4110 Cumque
677 4060 727 4096 suo
738 4041 821 4095 finem
834 4061 924 4098 meuse
937 4043 1062 4100 volumen
1074 4044 1160 4100 hebet.

370 4157 502 4234 Scilicet
527 4158 708 4255 siguificat,
727 4188 762 4236 se
781 4160 949 4238 Fastorum
965 4163 1134 4240 materiam
1151 4191 1188 4238 eu
1209 4160 1368 4239 methodo
1386 4162 1436 4238 di·

402 4330 411 4360 ¹
429 4327 498 4383 Fast.
510 4326 553 4383 tib.
565 4326 610 4395 11,
622 4345 688 4383 vers.
700 4348 723 4397 7.
850 4310 855 4317 ¹
