3159 5134
371 564 415 633 26

651 572 688 637 P.
722 571 901 640 OVIDII
928 572 1162 644 NASONIS

368 706 439 779 Nec
458 705 520 780 tibi
536 708 708 807 contingat
723 729 873 787 matrona
887 714 1040 815 pudicior
1057 714 1132 804 illa,

417 822 495 918 Qua
510 825 625 925 potuit
639 826 774 928 Tydeus
788 829 964 904 erubuisse
980 858 1086 918 nuru;

368 936 520 1038 Quaque
537 939 589 1013 sui
605 941 766 1016 Venerem
778 943 894 1041 junxit
911 972 986 1018 oum
1004 944 1104 1019 batte
1120 947 1248 1035 mariti,

415 1054 532 1128 Locris
547 1054 582 1128 in
599 1055 726 1131 ancillae
739 1058 950 1135 dissimulata
964 1090 1088 1136 necem.

367 1170 414 1243 Di
432 1202 564 1276 quoqne
583 1192 651 1249 tam
665 1175 788 1251 faciant
803 1179 913 1280 possis
930 1181 1072 1276 gaudere
1084 1179 1175 1255 fideli

1395 1200 1449 1256 ³55

417 1291 584 1390 Coojuge,
604 1322 703 1395 quam
719 1293 812 1370 Talai
830 1297 1062 1400 Tyndareique
1080 1326 1200 1395 gener3

368 1407 520 1511 Quaque
538 1441 653 1513 parare
667 1413 738 1488 suis
755 1411 859 1489 letum
876 1416 1085 1517 patruelibus
1101 1446 1189 1492 ausae

415 1522 548 1599 Belides
565 1524 704 1601 adsidua
720 1527 806 1602 colla
824 1548 1022 1631 premuntur
1039 1559 1124 1633 aqua
1141 1534 1151 1603 l

368 1636 534 1739 Byblidos
550 1660 583 1716 et
598 1643 761 1732 Canaces,
780 1646 868 1720 sicut
882 1646 979 1735 sacit,
997 1647 1111 1722 ardeat
1125 1646 1226 1743 igne3

368 1830 500 1902 intellige,
512 1834 598 1904 quiex
606 1837 755 1891 Hermione
763 1838 884 1892 Tisame-

368 1932 437 1967 uum
448 1914 533 1968 {iliram
545 1918 666 1985 suscepit.
674 1917 791 1973 Dum·
799 1923 882 1973 &lli-

367 1997 488 2064 rhueayue
501 2002 563 2050 viro.
584 1997 765 2057 Alcmeonem
783 2000 883 2054 intelli-

368 2073 406 2142 git
422 2072 504 2127 ovid.
521 2074 676 2146 Amphiarai
694 2087 723 2131 et
742 2076 883 2150 Eriphyles

368 2151 468 2220 filium,
480 2155 525 2223 qui
537 2157 619 2209 occisa
627 2167 712 2210 matre
723 2157 751 2210 in
761 2156 882 2210 furorem

369 2250 460 2285 verm
476 2231 594 2303 lingitur.
609 2233 742 2289 Comttlto
757 2236 881 2302 oraculo,

369 2310 398 2362 in
415 2321 517 2364 terram
532 2313 657 2366 omnium
674 2312 882 2367 recentissimam

370 2386 663 2455 iceimueeatNactua
672 2392 759 2459 itaque
769 2401 884 2458 terram,

370 2485 424 2534 qua
446 2466 578 2522 Achelous
599 2466 629 2521 iu
651 2487 725 2522 mare
746 2469 884 2537 erumpit,

371 2545 453 2598 filiam
471 2544 581 2599 Acbelui
600 2544 753 2600 Callirhoen
771 2564 884 2600 uxorem

371 2622 464 2676 babuit
472 2642 479 2676 ι
487 2622 547 2677 vide
556 2621 764 2694 Apollodorum,
777 2623 822 2676 lib.
834 2623 884 2678 Ill.

404 2701 463 2756 351,
471 2705 526 2755 Nec
535 2706 586 2756 titi
593 2709 726 2770 continet
735 2713 784 2755 etc.
794 2701 886 2769 AEgia-

371 2779 441 2833 leam
454 2779 592 2850 iutelligit,
613 2779 752 2833 Diouredia
765 2797 886 2834 uxorem.

372 2859 470 2927 Quum
480 2860 555 2914 enim
562 2859 656 2914 Veuue
668 2878 683 2913 u
692 2859 824 2913 Diomede
832 2859 887 2912 vul·

371 2958 423 2993 nus
438 2939 594 3008 aoeepiaaet,
611 2939 671 3008 ciue
684 2956 794 2992 uxomm
805 2949 887 2993 tantur

372 3017 487 3072 libidinis
494 3018 670 3089 impotentem
677 3014 885 3085 reddidit,utae

372 3096 468 3166 paauim
477 3096 624 3170 Hippolyto
635 3108 663 3150 et
672 3095 780 3151 Corneti
789 3098 887 3167 prosti-

373 3185 481 3240 κεναῖς
500 3194 616 3245 quorum
629 3174 735 3229 iurioeb
752 3176 887 3231 amoribus

373 3254 441 3308 odeo
449 3255 641 3326 exagitabatur,
652 3265 682 3309 ut
690 3254 739 3325 ipui
747 3254 886 3320 Diomedi,

373 3336 605 3405 Trojaredeuuti,
622 3354 717 3391 necem
730 3337 823 3391 molitu
834 3337 886 3405 uit,

373 3428 455 3485 quatu
469 3414 503 3469 etl
514 3415 631 3470 tanente
643 3434 717 3469 aram
728 3422 810 3469 noctu
821 3433 889 3469 oon·

373 3494 493 3565 lugiunt,
505 3494 547 3547 vir
557 3493 669 3548 eradere
681 3494 776 3564 potuit.
788 3494 872 3548 δην.

407 3576 554 3629 itiaNm.
570 3575 650 3629 Unue
661 3574 767 3628 Heinuii
783 3591 888 3639 mm,

374 3654 422 3708 red
439 3666 504 3709 tuuc
522 3653 665 3723 tegendum
680 3694 688 3721 ,
708 3674 783 3725 quum
800 3673 809 3706 .·
824 3672 889 3706 nam

375 3733 825 3805 utroqueccuuconatruueruntlroc
832 3754 889 3788 rer·

374 3815 457 3881 bum,
470 3816 591 3885 Propert
602 3815 659 3881 lll,
675 3817 705 3881 ιζ
713 3854 719 3880 ,
725 3819 824 3883 fratres
834 3834 889 3869 eru·

377 3898 463 3948 buum
476 3895 565 3957 {iem
581 3890 675 3963 virgil.
686 3893 749 3946 AEu.
762 3892 807 3958 ll,
825 3895 888 3967 541„

377 3974 614 4044 sedyurafidemqre
619 3975 855 4043 Suppliciterubur't,
863 3984 891 4027 et

377 4052 439 4107 aliae
451 4052 519 4121 apud
530 4052 655 4107 divemoe

410 4134 469 4199 354.
484 4133 581 4187 Laeni.
599 4134 813 4206 Hypermuertra
830 4132 890 4184 Lo-

378 4212 477 4267 mnata
491 4252 499 4279 ,
522 4230 606 4282 quum
621 4213 710 4267 fratris
723 4212 772 4265 viri
785 4229 889 4265 coucu-

378 4293 464 4348 bitum
484 4292 642 4364 adpeteret,
666 4290 733 4349 clam
754 4304 890 4347 uoctumo

379 4383 499 4446 tempore
509 4371 537 4426 id
550 4372 684 4443 adsecuta,
696 4392 776 4428 mana
787 4372 890 4444 pudore

932 1837 1052 1905 adfecta,
1066 1849 1096 1891 ut
1109 1836 1193 1892 scelus
1203 1856 1282 1891 ouum
1296 1835 1448 1892 dissimula·

931 1932 988 1985 ret,
1001 1919 1124 1974 ancillam
1136 1938 1198 1973 cum
1210 1918 1312 1971 famulo
1324 1919 1446 1984 uecarit,

932 1999 1005 2068 quasi
1019 1998 1047 2051 in
1060 1998 1117 2067 ejus
1131 1998 1274 2052 concubitu
1286 2016 1331 2052 eos
1343 1998 1446 2070 depre-

931 2078 1075 2132 bendieset.

963 2157 1019 2210 356.
1032 2159 1162 2226 Coujuye,
1181 2174 1257 2226 quam
1275 2157 1360 2209 Talai.
1376 2152 1447 2209 Eri-

930 2235 1024 2307 phyle,
1036 2235 1277 2306 Amphiaraiuxor,
1290 2233 1365 2288 Talai
1376 2233 1447 2299 filia,
1506 2252 1511 2261 ’

929 2311 1059 2367 latentem
1081 2313 1208 2368 maritum
1231 2333 1266 2367 ne
1291 2311 1323 2365 ad
1345 2311 1447 2365 bellum

930 2394 1090 2448 Thebanum
1103 2396 1170 2460 iret,
1183 2394 1212 2448 in
1225 2412 1279 2465 quo
1294 2411 1342 2462 per
1354 2411 1447 2461 augu-

930 2475 969 2527 ria
980 2485 1150 2544 prospexerat
1162 2493 1190 2528 ee
1203 2473 1352 2543 periturum
1363 2511 1371 2539 ,
1382 2489 1448 2540 pro-

931 2553 999 2608 didit
1015 2566 1139 2624 corrupta
1158 2552 1273 2620 monili,
1292 2550 1363 2621 quod
1381 2550 1453 2614 olim,

932 2630 1448 2703 Venuspoesederat:deprebensuuma·

931 2710 1014 2778 ritus,
1025 2722 1051 2766 et
1063 2713 1090 2765 in
1100 2712 1199 2765 bellum
1212 2710 1379 2782 proficiscens
1387 2708 1449 2765 Alc·

931 2790 1448 2859 moeonifiliomandavit,utquummor·

932 2877 994 2922 tuus
1010 2880 1100 2936 esset,
1125 2879 1253 2923 mactaret
1274 2867 1379 2921 tumulo
1399 2886 1449 2921 suo

934 2946 1092 3019 Eriphylem
1109 2958 1242 3011 matrem
1260 2946 1332 3016 quod
1347 2945 1448 3000 lactum

933 3035 992 3092 eut,
1012 3024 1060 3078 sed
1075 3035 1165 3094 postca
1184 3025 1292 3079 incanus
1311 3022 1402 3077 [actua
1415 3051 1449 3064 -

937 3108 1110 3177 Tyndareique
1114 3124 1195 3174 fener.
1206 3106 1391 3176 Agamemnon
1403 3123 1449 3173 pe·

933 3203 984 3237 ner
999 3183 1119 3257 Tyndari
1139 3187 1226 3251 (nam
1244 3180 1449 3253 clytemnestra

934 3262 1054 3336 Tyndari
1073 3261 1126 3315 filia
1142 3262 1210 3330 luit,
1228 3272 1259 3315 ut
1274 3252 1364 3316 sc'ribit
1375 3260 1449 3316 Pau-

933 3342 1010 3407 san.)
1025 3340 1182 3396 interfectus
1193 3351 1233 3395 eat
1245 3340 1277 3393 ab
1288 3358 1369 3393 uxore
1382 3338 1449 3393 doliu

935 3418 1057 3490 AEgistbi.
1070 3420 1148 3475 Dour.

968 3498 1024 3570 359
1048 3498 1143 3551 Br'blr's.
1154 3496 1243 3552 Moeri
1257 3494 1310 3550 filia
1326 3504 1354 3550 et
1371 3490 1450 3568 Cya-

935 3596 1005 3640 nee,
1029 3575 1157 3630 Caunum
1178 3575 1289 3631 fratrem
1314 3573 1449 3644 impudice

936 3652 1452 3725 amarit3cujuaconcubitumquumad·

935 3735 1010 3806 sequi
1027 3752 1083 3789 uon
1102 3746 1188 3804 posset
1199 3774 1206 3801 ,
1218 3732 1341 3807 lacrymis
1351 3732 1452 3802 liquata

936 3825 977 3870 est
990 3815 1019 3868 in
1032 3814 1137 3867 iontem
1151 3834 1158 3875 3
1178 3810 1259 3867 Orid.
1273 3812 1315 3866 lib.
1330 3812 1368 3866 ll(
1382 3811 1451 3866 Met

937 3892 1035 3960 453.st
1043 3922 1076 3933 -
1084 3892 1121 3945 Et
1133 3892 1256 3945 Canaces.
1266 3888 1329 3945 Fuit
1342 3888 1451 3944 Canace

937 3969 1453 4042 AEolietAmplriteaelilia3cujusardene

938 4048 1453 4106 amoreMacareusiratereamviolavit.

938 4132 1043 4186 Verum
1052 4125 1452 4201 conceptuuinlausremvulga·
1540 4131 1542 4135 '

937 4211 984 4266 vit.
991 4211 1085 4266 AEolus
1095 4211 1183 4279 itaque
1193 4208 1252 4262 filiae
1263 4226 1355 4262 ensem
1365 4206 1452 4270 misit,

939 4308 997 4360 quae
1009 4301 1116 4360 accepto
1125 4308 1188 4344 ense
1199 4287 1329 4358 flagitium
1342 4304 1356 4338 e
1368 4283 1451 4338 fratre

938 4372 1042 4427 illatum
1054 4389 1118 4426 nece
1129 4388 1177 4425 uua
1187 4367 1242 4423 ulta
1252 4377 1299 4422 est.
1310 4366 1426 4419 Dtssut.
