3159 5134
493 547 589 614 PER
616 548 648 613 J.
680 545 907 615 Messon.
1175 551 1232 616 181

172 722 189 756 o
206 707 297 765 retur
314 715 430 774 mane;
449 687 541 788 quod
560 707 638 763 tnnc
656 688 765 763 tribus
782 705 859 762 aute
876 686 987 762 Solem
1006 703 1134 777 ortum,
1153 688 1237 764 dua-

172 839 190 872 »
207 806 271 880 bus
293 825 368 880 ante
393 805 557 880 Auroram
580 806 675 880 horis
694 809 754 904 (ut
770 806 895 879 ibidem
911 803 1099 900 iudicatur)
1115 805 1239 881 sactum

174 955 190 986 »
207 922 306 1023 plane
321 922 460 997 videtur.
488 923 642 1022 Denique
659 950 763 1023 quum
780 923 898 996 Tomos
916 947 1030 996 versus
1049 921 1238 1016 navigaret,

172 1071 191 1103 o
210 1039 292 1113 mari
309 1066 344 1113 se
357 1039 516 1139 jactatum
531 1066 632 1113 mense
644 1040 710 1139 janu
723 1038 904 1125 Decembri,
926 1038 1045 1113 diserte
1063 1038 1150 1113 canit
1161 1039 1239 1114 Ele·
1365 1134 1369 1143 ⁸

173 1186 190 1217 u
209 1154 262 1250 gia
277 1153 426 1253 ejusdem
443 1153 523 1227 libri
540 1153 675 1227 decima.
696 1154 840 1227 Prorsus
856 1171 895 1227 ut
914 1152 1056 1227 Ovidius
1072 1153 1244 1229 Novembri

172 1303 190 1335 o
209 1271 462 1372 precipitante,
487 1273 595 1351 Roma
618 1270 833 1362 discesserit,
860 1288 929 1345 tum
954 1271 1145 1345 Brundusio
1171 1272 1240 1345 De·

173 1418 190 1449 n
207 1388 322 1461 cembn'
336 1388 480 1463 solverit.
498 1422 516 1455 »

216 1504 361 1593 Verum,
371 1522 490 1579 nostro
502 1503 784 1607 quidemjodicio,
799 1505 945 1584 Nasonis
958 1503 1074 1593 verba,
1088 1504 1128 1580 de
1142 1506 1238 1578 Luna

169 1635 328 1694 nodumos
344 1621 411 1694 alta
425 1636 542 1722 regern
553 1650 662 1722 equos,
682 1648 752 1694 non
765 1620 849 1695 adeo
860 1619 945 1696 clara
964 1638 1061 1711 sunt,
1080 1619 1163 1723 quin
1178 1649 1239 1721 per

169 1763 203 1809 ea
216 1736 315 1812 liceat
330 1738 532 1827 existimare,
550 1756 683 1840 poetam
697 1740 804 1814 Roma
816 1754 904 1823 ante,
924 1767 1016 1840 aque
1024 1766 1062 1819 ac
1068 1754 1157 1839 post,
1167 1739 1238 1839 ple-
1273 1733 1280 1752 '

168 1854 317 1928 oduuino
340 1855 471 1930 abiisse.
503 1855 633 1930 Deinde
656 1885 758 1957 quum
775 1857 911 1931 nonnisi
936 1856 1048 1930 decem
1065 1855 1240 1930 minimum

167 1967 286 2045 diebus
301 1988 412 2073 petere
428 1970 646 2046 Brundisium
659 1971 823 2072 potuerit,
842 1989 941 2073 atque
952 1971 1078 2046 ibidem
1094 1970 1240 2074 aliquam

169 2086 276 2161 lacere
293 2116 437 2178 moram,
455 2089 559 2164 donoc
575 2107 693 2164 ventus
708 2088 912 2184 navigationi
927 2087 1067 2175 fareret3
1085 2086 1162 2162 ideo
1178 2116 1241 2189 po·

172 2204 237 2276 tuit
257 2203 356 2277 etiam
375 2202 517 2279 Ovidius
538 2203 590 2279 vel
613 2204 746 2279 labente
773 2202 918 2291 Octobri,
938 2201 989 2276 vel
1008 2204 1141 2278 ineunte
1166 2204 1241 2279 Νο-

172 2317 287 2391 oembn'
309 2318 425 2427 Roma
447 2317 638 2395 valedicere.
661 2320 748 2394 Satis
771 2319 877 2415 igitur
899 2319 959 2406 sit,
976 2335 1067 2392 certo
1090 2316 1240 2405 novisse,

172 2463 246 2509 enm
264 2462 377 2508 mense
391 2434 560 2510 Decembri
576 2436 642 2534 jam
663 2436 770 2510 navim
793 2433 994 2523 ascendisse,
1011 2433 1101 2509 acin
1121 2433 1243 2508 Adria-

172 2546 239 2620 tico
264 2546 347 2623 mari
371 2547 471 2625 luisse
491 2578 499 2638 ;
522 2568 622 2652 atque
651 2551 714 2626 suh
737 2550 879 2624 omumoi
898 2549 1023 2637 finem,
1056 2544 1107 2622 vel
1128 2547 1241 2653 [pernis

171 2667 303 2742 initium
321 2667 357 2742 in
371 2667 521 2744 exsilium
537 2670 644 2771 patria
660 2667 805 2771 pulsum.

218 2782 280 2856 ltl.
295 2782 432 2857 Annum
446 2783 540 2884 quod
558 2784 788 2873 attinet,‘eum
805 2782 1022 2884 sequentibus
1036 2781 1239 2879 argumentis

171 2899 364 2987 definimus,
382 2902 507 3001 quibus
522 2902 618 2975 etiarn
642 2900 682 2975 cl.
702 2901 857 2976 Norisius
873 2901 913 2975 ad
933 2929 1025 2975 snam
1047 2901 1239 3001 opinionem

170 3018 428 3093 confirmandam
445 3019 571 3094 abusus
587 3035 648 3093 est.
666 3018 814 3091 Primum
831 3046 871 3091 ex
893 3018 992 3090 Pont.
1015 3016 1074 3091 lib.
1096 3018 1156 3107 lv,
1172 3018 1236 3119 Ep.

171 3153 230 3221 Vl,
250 3133 448 3221 desumitur,
465 3135 527 3207 ubi
543 3151 634 3208 vates
659 3133 760 3207 Fabt‘
771 3132 915 3206 Martini
936 3161 973 3208 ac
998 3133 1140 3235 Augusti
1154 3162 1241 3208 mor·

174 3269 240 3325 tem
259 3248 456 3352 deplorans,
474 3250 521 3323 ait
535 3277 618 3323 vers.
641 3248 662 3320 5
679 3266 711 3324 et
728 3248 773 3321 6:

336 3385 369 3440 lu
381 3385 488 3457 Scythia
499 3385 574 3440 nobis
584 3390 748 3454 quisquam
770 3387 902 3456 Olympias
909 3397 965 3440 acta
977 3396 1032 3450 est,

369 3475 431 3530 Jarn
443 3487 547 3548 tempus
557 3480 635 3530 lustri
642 3477 736 3531 transit
747 3477 775 3530 in
785 3482 898 3532 alten'rrs.

173 3631 193 3664 a
213 3594 269 3670 llli
284 3622 383 3683 reru,
401 3612 497 3669 notat
513 3594 791 3669 eminentissimus
802 3593 862 3668 ille
877 3594 944 3683 vir,
965 3621 982 3667 e
998 3594 1064 3667 vita
1080 3593 1242 3669 discesse-

172 3753 192 3784 »
214 3733 295 3790 runt
312 3743 401 3789 anno
418 3717 460 3789 U.
477 3714 515 3789 C.
535 3731 719 3803 Dcctxvtl,
738 3743 806 3815 qno
822 3712 966 3800 oollius,
988 3730 1063 3787 ante
1080 3730 1157 3787 octo
1173 3712 1241 3788 sere

172 3869 191 3899 n
213 3832 553 3919 morisennensium
571 3830 688 3906 exsilio
704 3831 909 3933 expleverat3
926 3833 1048 3909 etenim
1066 3832 1242 3936 Olympia·

171 3989 190 4020 »
213 3953 288 4028 dem
304 3979 368 4053 pro
381 3952 536 4029 noniano
550 3949 658 4024 lustro
674 3949 841 4047 intelligit
859 3987 876 4017 »

221 4067 355 4143 Scilicet
368 4070 532 4168 Augustus
553 4086 616 4141 xtx
638 4064 771 4141 Sextilis
790 4066 844 4141 die
866 4066 969 4155 obiit3
987 4095 1026 4140 ac
1046 4060 1186 4168 proinde
1212 4069 1241 4141 si

170 4193 266 4263 Naso
282 4188 317 4260 iu
341 4183 492 4261 exsilium
512 4184 632 4258 abierit
655 4211 744 4256 anno
765 4185 807 4257 U.
838 4185 876 4257 C.
903 4201 1029 4259 ncctxt
1049 4212 1159 4259 mense
1178 4182 1243 4257 De

172 4302 317 4393 cembri,
335 4321 375 4378 ut
387 4300 427 4376 cl.
442 4302 493 4377 vir
503 4319 632 4389 censet,
650 4317 722 4374 tum
734 4317 833 4401 poeta
847 4301 975 4376 lustrum
991 4297 1169 4401 expleuerit
1182 4300 1246 4372 De·
