3159 5134
381 516 422 578 52
773 505 1055 575 EXCURSUS

381 648 568 751 splendoris
584 664 747 733 assertor,
765 672 803 718 ac
819 647 928 719 omnis
945 646 1159 721 obscuritatis
1176 644 1379 733 illustrator,
1395 674 1456 720 ac-

382 767 541 841 clamatus
558 781 626 854 est,
644 765 694 837 uti
717 763 842 837 Paulus
858 764 977 837 Juvius
994 765 1030 838 in
1050 765 1120 863 ejus
1137 763 1258 859 Elogio
1274 763 1425 866 prodidit
1443 794 1452 838 :

380 909 441 958 nec
459 881 569 955 minus
585 907 659 953 vere
675 880 838 953 Henrieus
857 880 1049 981 Stephanus
1065 879 1216 981 Epistola
1235 879 1277 953 ad
1300 878 1453 952 Lndovi-

381 1029 454 1075 cum
476 998 733 1087 Castelretrum‚
749 1026 822 1098 qnae
835 997 967 1099 praelixa
982 1016 1033 1072 est
1045 997 1182 1072 editioni
1199 1027 1265 1073 suae
1281 997 1360 1071 libri
1371 998 1452 1070 Jani

382 1113 548 1189 Parrhasii
565 1113 606 1185 de
616 1112 717 1186 rebus
731 1140 791 1214 per
801 1110 974 1212 epistulam
986 1111 1154 1212 quaesitis,
1182 1146 1199 1177 ι(
1215 1114 1303 1208 Age,
1320 1112 1450 1212 inquit,

384 1267 401 1299 u
423 1251 459 1306 tu
476 1231 674 1331 quicumque
692 1227 869 1317 beroaldi,
894 1247 952 1302 aut
969 1229 1109 1302 Domitii
1128 1229 1248 1330 scripta
1264 1257 1332 1302 non
1349 1229 1453 1302 unius

385 1383 403 1414 »
424 1347 528 1434 assis,
554 1373 621 1448 prae
647 1345 688 1418 iis
714 1373 787 1444 quae
808 1344 910 1418 bodie
926 1345 1091 1432 eduntur,
1114 1344 1303 1420 aestimanda
1327 1362 1450 1446 putas,

384 1499 403 1532 »
423 1463 502 1566 quid
513 1463 582 1536 sine
595 1460 778 1543 Beroaldu,
796 1490 832 1535 ac
846 1462 1017 1549 Domitio,
1030 1462 1169 1563 aliisque
1180 1461 1372 1561 hujusmodi
1382 1489 1453 1534 rna-

384 1616 402 1647 »
425 1579 537 1675 gistris
560 1577 659 1651 scribi
687 1577 728 1651 ab
753 1605 866 1651 eorum
889 1580 1033 1679 posteris
1050 1579 1196 1679 potuisse
1217 1579 1415 1653 arbitraris?
1432 1616 1450 1645 »

380 1698 497 1795 Neque
524 1694 610 1767 enim
638 1692 744 1767 solum
768 1694 938 1769 Domitius
955 1694 1045 1768 bunc
1063 1694 1176 1768 Ovidii
1193 1693 1364 1784 libellum,
1392 1695 1453 1769 sed

384 1811 483 1885 etiam
498 1809 670 1883 Ciceronis
679 1808 849 1909 Epistulas
861 1866 870 1895 ‚
882 1808 1070 1884 Martialem
1080 1868 1088 1897 ,
1098 1810 1288 1885 Juvenalem
1299 1866 1308 1898 ‚
1321 1811 1455 1911 Papinii

380 1926 505 2011 Silvas,
523 1925 738 2012 Suetonium,
758 1942 791 1997 et
809 1927 970 2026 quosdam
987 1926 1072 2001 alius
1086 1928 1266 2028 scriptores
1278 1926 1450 2001 enarravit

381 2041 535 2141 Denique
554 2058 604 2114 tut
619 2059 776 2141 tantaque
787 2042 910 2129 edidit,
928 2043 1034 2118 aiebat
1052 2044 1229 2140 Egnatius,
1250 2060 1333 2145 quot
1347 2070 1454 2143 quan-

382 2179 480 2260 taque
499 2161 534 2232 in
550 2158 614 2232 hoe
632 2186 750 2254 genere
768 2160 809 2232 ad
829 2160 913 2232 bane
933 2161 1019 2234 ‹liern
1034 2188 1144 2233 nemo.
1175 2162 1226 2233 Eo
1241 2160 1361 2233 factum
1378 2177 1450 2246 est,

380 2292 421 2349 ut
435 2276 567 2349 acerbas
585 2302 660 2346 cum
674 2273 799 2347 aemulis
817 2275 1000 2349 simultates
1013 2277 1214 2365 exercuerit,
1232 2276 1384 2377 aquibus
1398 2273 1452 2376 pi-

382 2390 506 2492 peratis
529 2388 670 2463 literulis
695 2392 889 2489 perstrictus
913 2392 1004 2477 suit,
1033 2391 1124 2491 qnod
1142 2391 1205 2464 sibi
1231 2408 1453 2492 comparatam

382 2505 610 2580 auctoritatem
636 2506 774 2579 retinere
796 2510 910 2607 quavis
936 2509 1062 2581 ratione
1082 2526 1114 2581 et
1136 2527 1205 2581 arte
1222 2507 1453 2591 contenderet;

384 2636 483 2720 atque
508 2621 554 2692 ita
580 2618 702 2693 crudos
728 2620 851 2714 ingenii
876 2623 926 2694 sui
954 2622 1054 2695 fretus
1071 2623 1220 2695 emittere
1237 2632 1372 2695 coactus
1390 2621 1455 2707 sit,

386 2735 509 2837 quibus
526 2734 716 2834 provectior
732 2752 810 2809 aetas
825 2732 942 2835 procul
961 2736 1065 2809 dnbio
1087 2737 1306 2811 maturitatem
1325 2736 1455 2810 attulis-

385 2866 445 2922 set.
460 2848 596 2947 Quippe
610 2882 626 2910 «
638 2848 916 2959 auctpritatistam
927 2851 1143 2947 magnaeluit,
1158 2885 1175 2914 »
1187 2848 1455 2952 inquitAugelns

383 2960 570 3035 Politianus
584 2959 768 3034 Miscellau.
785 2991 856 3061 cap.
872 2989 914 3062 9,
934 2997 950 3028 α
969 2981 1006 3035 nt
1021 2966 1136 3036 Romae
1152 2965 1239 3036 inter
1249 2962 1454 3063 professores

388 3110 406 3141 >›
426 3076 553 3176 juvenis
566 3076 673 3149 adbuc
688 3078 829 3177 primani
843 3078 1064 3152 celebritatem
1078 3080 1142 3153 sibi
1157 3079 1384 3167 vindicaverit,
1395 3109 1454 3153 cu-

388 3226 405 3256 »
424 3193 480 3290 jus
499 3191 624 3265 tuendae
640 3220 677 3264 ac
690 3193 868 3266 retinendae
882 3195 987 3288 gratia
1001 3195 1122 3267 lactum
1140 3194 1339 3294 compluries
1355 3213 1452 3297 puta·

388 3343 405 3373 »
427 3336 521 3395 inus,
536 3326 575 3380 nt
597 3308 633 3379 iu
655 3310 724 3382 suis
743 3310 903 3410 operibus
927 3310 1071 3383 frontem
1091 3311 1311 3409 perfricuerit‚
1336 3331 1370 3385 et
1393 3342 1453 3415 per

386 3458 405 3490 n
425 3451 537 3524 aqua,
557 3453 617 3525 per
634 3424 749 3525 iniqua
766 3428 885 3499 lamam
904 3445 1057 3527 captans,
1075 3456 1192 3529 parurn
1212 3456 1250 3502 ex
1272 3426 1337 3502 lide
1362 3456 1455 3529 quae-s

388 3570 407 3603 ³>
429 3536 517 3637 piam
541 3535 708 3626 retulerit;
733 3540 892 3614 nonnulla
918 3542 1017 3614 ctiam
1043 3539 1128 3614 male
1148 3539 1251 3615 solers
1273 3560 1307 3615 et
1324 3545 1455 3642 praesti·

388 3684 406 3718 »
428 3653 541 3748 giosus
559 3653 701 3753 speciem
717 3657 851 3755 quidem
869 3658 1047 3758 primorem
1061 3657 1127 3729 veri
1143 3658 1316 3745 babentia‚
1333 3687 1455 3754 magno

390 3800 408 3832 o
429 3768 631 3843 credentium
646 3771 821 3872 dispendio
837 3774 1009 3847 sententiis
1024 3773 1267 3870 ignorabilibus
1285 3774 1456 3875 implicue-

388 3915 407 3949 n
429 3884 491 3971 rit,
506 3902 540 3959 et
550 3883 839 3987 pulverem‚quod
849 3892 957 3977 aiunt,
969 3890 1259 3980 oculisulluderit3
1271 3911 1339 3981 aut,
1348 3893 1457 3967 sicubi

388 4029 407 4062 »
429 3999 532 4095 major
548 3998 751 4089 difficultas,
771 4030 830 4075 nec
856 4004 1040 4096 absistens,
1056 4034 1117 4078 nec
1132 4006 1348 4102 congrediens
1363 4035 1459 4107 spem

387 4146 405 4180 »
426 4112 558 4189 lectoris
576 4114 719 4190 eluserit.
742 4120 808 4207 lta,
827 4121 906 4195 dum
922 4125 1049 4198 nescire
1067 4153 1101 4198 se
1117 4125 1200 4198 nibil
1217 4126 1358 4226 probare
1371 4152 1457 4197 con-

387 4262 406 4302 o
426 4231 550 4319 tendit,
573 4231 671 4306 etiarn
690 4233 821 4309 Parthis
835 4236 1012 4337 aliquoties
1027 4258 1061 4314 et
1084 4241 1300 4315 Cretensibus
1318 4240 1455 4315 menta-
