3159 5134
376 563 445 650 364
629 545 1181 634 sor1r1an1rnnan1a

416 708 480 776 lv.
493 705 652 774 Remedia
658 711 793 789 ausoris,
802 704 885 774 liber
895 705 929 789 I,
941 689 1070 799 singula
1078 730 1199 798 genere
1213 707 1371 774 carminis
1380 705 1451 775 ele-

370 822 475 914 giaco.
496 817 637 886 Codices
657 816 795 910 quidam
811 815 901 886 MSS
915 829 950 884 et
961 818 1106 909 antique
1122 816 1306 899 editiones,
1324 829 1364 884 nt
1380 818 1449 883 Ar-

371 929 593 1022 gentinensis,
609 926 831 995 Schureriana
840 976 851 1007 ,
873 927 956 992 1520
969 975 979 1008 ,
992 926 1097 1011 inuit
1117 925 1275 994 dividunt
1290 929 1327 992 in
1341 926 1447 994 libros

374 1034 473 1116 duos,
491 1035 538 1099 ita
553 1044 592 1097 ut
606 1031 770 1099 secundus
787 1034 927 1126 incipiat
937 1059 956 1098 a
973 1058 1069 1101 versu
1082 1036 1163 1127 397.
1181 1034 1309 1103 Gallico
1326 1036 1448 1102 carmi-

370 1167 433 1225 ne,
448 1141 610 1209 Remedes
626 1159 741 1209 comre
756 1141 903 1218 laotour,
913 1144 1046 1235 scripsit
1056 1144 1176 1210 Franc.
1193 1142 1369 1220 Cailltava,
1385 1145 1448 1209 Pa-

374 1250 481 1329 risiis,
504 1248 605 1342 1762,
624 1250 725 1315 iia-8⁰.

388 1399 393 1406 ,
416 1358 463 1424 V.
482 1358 799 1448 Metamorphoseon
816 1368 824 1394 ¹
843 1358 919 1425 libri
933 1358 1013 1430 XV
1017 1360 1163 1426 carmine
1178 1359 1315 1426 heroico
1332 1356 1449 1451 :quod

326 1557 328 1561 ι
372 1491 455 1560 opus
471 1469 592 1534 merito
609 1467 898 1559 preciosissimum
914 1480 1010 1536 vocet
1024 1471 1231 1553 Lactantius,
1251 1471 1288 1535 in
1303 1469 1449 1562 quohis·

372 1579 459 1642 toria
474 1574 646 1658 fabularis,
669 1576 837 1668 eleganter
850 1580 941 1645 nexis
954 1581 1044 1645 inter
1054 1602 1088 1644 se
1103 1578 1255 1670 partibus
1268 1576 1445 1661 omnibus,

371 1710 522 1778 expressa
543 1699 611 1776 est,
631 1685 668 1752 id
688 1685 779 1780 qnod
795 1688 830 1753 in
846 1689 910 1755 hoc
926 1712 1027 1782 opere
1043 1687 1185 1779 legendo
1209 1689 1365 1780 inprimis
1387 1687 1449 1755 ob-

372 1794 620 1863 servaridebet.
636 1799 749 1890 Ipsum
756 1798 837 1864 huic
851 1802 946 1891 operi
957 1798 1157 1891 plurimum,
1174 1810 1208 1864 et
1219 1799 1447 1890 principatum

372 1929 512 1997 operum
534 1929 669 1972 suorum
690 1905 867 1988 tribuisse,
890 1918 984 2000 patet
1000 1931 1018 1973 e
1037 1905 1258 1972 conclusione.
1286 1903 1447 1972 Ultimam

372 2013 423 2079 illi
437 2038 570 2079 manum
584 2026 699 2080 auctor
710 2013 802 2081 haud
815 2017 991 2107 imposuit,
1010 2027 1048 2080 ut
1062 2017 1133 2107 ipse
1143 2013 1248 2081 refert
1260 2015 1368 2081 Trist.
1387 2017 1443 2096 11,

370 2125 436 2190 555
442 2175 449 2190 .
474 2124 598 2193 Confer
613 2127 720 2193 Trist.
734 2129 766 2206 1,
785 2125 827 2206 6,
845 2137 879 2192 et
892 2126 961 2206 111,
980 2123 1032 2209 14.
1047 2124 1128 2193 Illos
1141 2151 1159 2190 a
1170 2149 1204 2191 se
1217 2126 1361 2217 scriptos
1376 2149 1445 2193 esse

375 2247 515 2303 testatur
527 2237 597 2328 ipse
608 2234 765 2318 Ovidius,
785 2238 891 2302 Trist.
910 2237 943 2317 l,
970 2258 1002 2312 r,
1026 2259 1101 2328 ¹¹7·

533 2374 604 2430 Sunt
615 2395 719 2446 quoque
731 2388 840 2432 mutatis
851 2387 893 2432 ter
904 2378 1021 2448 quinque
1032 2378 1167 2432 volumina
1177 2378 1280 2433 forme.

368 2492 445 2561 Non
466 2493 561 2561 facile
574 2516 654 2560 vero
671 2493 791 2589 aliquis
810 2495 940 2578 credat,
963 2495 1055 2588 quod
1071 2498 1107 2563 in
1121 2509 1270 2564 mentem
1285 2496 1381 2562 venit
1396 2497 1447 2562 in-

371 2601 597 2690 geniosissimo
610 2602 696 2681 viro,
707 2600 856 2670 Roberto
869 2601 1021 2670 Hoockio
1031 2614 1060 2687 ⁸,
1077 2605 1182 2696 quiin
1196 2601 1354 2696 operibus
1369 2625 1446 2694 pos·

371 2707 514 2791 thomis,
523 2708 633 2777 Lond.
650 2710 748 2801 1705,
760 2711 872 2778 in-iol.
886 2711 1045 2803 vulgatis,
1059 2710 1222 2779 Ovidium
1229 2709 1444 2779 contenditin

373 2822 638 2914 Metamorphosi
651 2819 779 2887 suasub
792 2819 915 2887 sabulis
928 2818 993 2887 illis
1006 2819 1241 2887 describendas
1251 2819 1446 2910 sibipropo·

372 2931 474 2996 suisse
490 2931 572 2995 varii
592 2930 724 3021 generis
745 2932 965 3011 mutationes,
985 2951 1060 3019 quse
1078 2927 1193 2996 telluri
1213 2926 1443 3016 contigerunt,

372 3048 406 3101 et
427 3046 569 3126 systema
586 3033 757 3128 quoddam
774 3036 932 3102 Historiae
948 3034 1116 3102 Naturalis
1136 3032 1269 3101 tradere
1286 3031 1442 3099 voluisse.

370 3141 446 3209 Non
456 3146 558 3233 magis
574 3142 617 3208 ad
628 3141 798 3234 liquidum
812 3142 954 3235 perduci
965 3144 1112 3236 poterit,
1130 3141 1222 3235 quod
1234 3143 1446 3210 Hermannns

373 3249 415 3316 ab
433 3251 552 3317 Hardt
579 3253 614 3317 in
631 3253 720 3318 ranis
737 3249 873 3344 Ovidii,
899 3251 962 3318 lib.
984 3252 1036 3321 Vl
1060 3251 1287 3344 Metamorph.
1306 3249 1447 3318 detectis

372 3382 409 3424 ac
423 3358 658 3426 demonstratis
674 3357 817 3427 Helmst.
839 3383 895 3452 ¹7¹
908 3382 941 3440 1,
960 3361 1062 3427 inst
1080 3361 1335 3426 vetustissimam
1348 3360 1445 3427 Gros-

371 3489 487 3533 corum
501 3467 676 3534 historiam
694 3471 729 3535 in
746 3466 868 3534 sabulis
882 3467 1021 3535 Nasonis
1037 3467 1157 3552 latere,
1178 3468 1243 3537 sibi
1260 3468 1443 3561 persuasit,

371 3571 451 3643 licet
465 3576 596 3643 Grecos
612 3579 822 3669 potissimum
832 3587 946 3669 poetas
959 3590 993 3644 et
1004 3580 1181 3671 scriptores
1197 3574 1448 3668 metamorpho-

370 3707 451 3751 seon
463 3698 612 3752 secutum
627 3688 663 3750 in
675 3684 740 3751 illis
753 3683 853 3752 fuisse
866 3685 1033 3753 Nasonem
1045 3708 1112 3751 non
1128 3687 1171 3751 sit
1182 3683 1338 3751 dubium.
1353 3683 1449 3752 Grat-

373 3817 409 3859 ca
421 3801 520 3885 prosa
529 3790 681 3860 reddidit
692 3795 866 3860 Marones
881 3791 1071 3868 Pluuudes,
1089 3790 1322 3890 qua-nondum
1337 3791 1449 3857 lucem

374 3898 525 3992 adspexit
538 3906 562 3982 ³,
578 3903 720 3993 exceptis
731 3902 844 3993 paucis
859 3901 949 3984 locis,
961 3924 1035 3996 quae
1045 3926 1085 3969 er
1095 3926 1131 3968 ea
1143 3899 1302 3993 produxit
1314 3902 1350 3966 in
1361 3924 1449 3992 prae-

406 4034 682 4106 ¹Metamorphoseon
700 4036 839 4107 scriptores
854 4035 960 4091 Groecos
972 4034 1066 4102 retuli,
1085 4033 1200 4089 Bibloth.
1212 4032 1312 4089 Graes
1327 4032 1373 4086 tib.
1385 4033 1450 4100 111,

373 4137 429 4191 etp.
442 4139 492 4188 η,
508 4119 523 4189 S
535 4118 581 4173 ult

406 4206 419 4238 ¹
436 4203 506 4259 Vide
518 4205 584 4258 Acta
598 4202 680 4257 Erod.
693 4222 765 4258 anno
785 4223 864 4276 1707,
881 4222 938 4276 pag.
955 4206 1010 4260 15⁵.

405 4287 417 4322 ³
435 4291 504 4352 ἀπε
513 4292 658 4344 traductr'oa
668 4309 686 4341 a
696 4291 738 4342 tte
748 4292 877 4357 &prinde
883 4308 949 4358 pour
957 4293 985 4342 la
993 4289 1170 4360 mdnsois
1180 4291 1247 4342 dm
1258 4295 1323 4343 cette
1331 4290 1446 4353 tntu,

370 4375 433 4429 lon!
437 4376 487 4429 elle
488 4374 575 4443 som
581 4376 608 4426 le
612 4372 746 4443 amatae
752 4374 858 4438 mlum,
868 4390 930 4429 arec
936 4373 982 4426 des
988 4380 1061 4428 notes
1069 4374 1205 4427 lacerare
1215 4372 1402 4434 Boletum}
1415 4372 1451 4432 B.
