3159 5134
342 490 386 574 24
619 491 658 555 e.
692 489 877 556 ovrnu
908 484 1140 554 nasonis

341 632 492 732 Quaque
508 629 543 702 iu
561 628 775 702 Adimantum
793 627 937 702 Phliasia
954 656 1055 724 regna
1072 642 1238 699 tenentem

390 746 446 819 Ab
463 746 547 818 Jove
564 761 739 831 venerunt,
758 761 790 816 te
808 770 943 844 quoque
961 742 1024 816 tela
1042 755 1177 843 petant:

342 863 414 936 Aut
430 879 468 935 ut
485 860 699 935 Amastriacis
717 859 885 962 quondam
902 861 1041 933 Lenaeus
1057 858 1101 931 ab
1119 856 1187 931 oris

392 977 512 1052 Nudus
532 975 679 1051 Achillea
697 976 886 1052 destituaris
904 976 1017 1050 humo.

344 1095 459 1194 thue
475 1092 525 1167 vel
541 1091 749 1194 Eurydamas
766 1110 817 1166 ter
833 1093 957 1166 circum
973 1090 1073 1166 busta
1086 1085 1254 1190 Thrasylli

392 1211 456 1283 Est
472 1208 633 1282 Larisaeis
649 1226 766 1309 raptus
781 1208 825 1281 ab
841 1208 940 1284 hoste
956 1209 1061 1293 rotis;

344 1325 406 1401 Vel
424 1328 480 1428 qui
498 1355 571 1429 qua
590 1327 695 1400 suerat
714 1343 841 1401 tutatus
858 1327 975 1400 muenia
995 1354 1080 1426 sape

397 1443 548 1543 Corpore
563 1440 718 1516 lustravit
732 1469 802 1513 non
822 1440 978 1515 diuturna
996 1470 1079 1528 suo;

347 1560 462 1659 thue
476 1586 601 1631 novum
618 1585 715 1658 passa
732 1585 836 1653 genus
853 1554 1119 1657 Hippomeneide
1134 1581 1256 1657 poeuae,

398 1675 539 1748 Tractus
552 1673 588 1747 iu
606 1678 718 1748 Actaea
733 1673 839 1748 fertur
853 1672 984 1749 adulter
1001 1673 1104 1748 humo
1121 1703 1130 1761 ;

349 1793 421 1880 Sic,
438 1794 498 1867 ubi
516 1793 581 1866 vita
597 1809 675 1867 tuos
690 1792 797 1866 invisa
814 1790 985 1892 reliquerit
1003 1809 1115 1877 artus,

398 1909 535 1984 Ultores
549 1910 681 2011 rapiant
698 1925 795 2010 turpe
814 1908 950 1983 cadaver
963 1907 1050 2008 equi.

349 2077 395 2147 qui
414 2076 522 2131 Pisanos
539 2074 695 2131 eruciatibus
715 2073 861 2129 adficiebat.

350 2153 472 2209 Tandem
480 2156 507 2208 in
518 2154 765 2223 Alpheumlluvium
772 2154 861 2208 Pisam

351 2232 529 2302 profluentem
538 2232 860 2294 demenusapisanisesa

350 2313 372 2366 si
384 2310 559 2365 vetustissimo
571 2310 702 2365 credimus
714 2309 863 2377 interpreti.

352 2390 423 2443 Sunt
441 2400 530 2442 autem
552 2389 618 2442 Pisae
637 2389 710 2456 justa
728 2387 862 2457 Alpheum

350 2469 422 2532 sita,
436 2468 481 2520 uhi
495 2466 548 2519 ludi
561 2466 680 2538 Olympii
692 2466 863 2519 celebraban-

351 2554 403 2598 tur.
413 2544 492 2596 Forte
501 2543 604 2611 legeud.
614 2542 669 2596 hie:
680 2545 862 2611 thuer'llcsub

352 2620 644 2690 puo,etintelligendum
650 2620 682 2672 de
693 2620 862 2674 pantaleone.

353 2698 466 2751 Pausan.
478 2717 535 2767 pag.
543 2700 667 2765 ado-242.
680 2697 783 2751 Sancr.

386 2778 443 2846 3²9·
459 2786 565 2842 Quaeque
576 2780 603 2828 in
612 2775 785 2829 Adimantum.
796 2774 863 2828 Adi·

352 2865 474 2919 mantus,
490 2853 616 2925 Phyletioe
628 2873 689 2918 rex,
704 2855 792 2908 Ponto
801 2874 864 2908 con·

352 2935 466 3001 iunctm,
478 2930 531 2984 sive
543 2932 592 2998 (ut
605 2932 646 2985 alii
656 2930 766 2997 volunt)
778 2933 864 2986 Thes·

351 3013 439 3078 saliae,
460 3012 580 3065 Deorum
600 3023 785 3082 contemptor,
806 3014 863 3067 Diis

352 3090 498 3144 sacrificare
512 3091 640 3160 neglexit,
653 3110 680 3144 se
701 3092 760 3161 ipsis
776 3093 864 3160 majo-

353 3188 412 3223 rem
423 3168 586 3239 predicatum
606 3190 686 3239 quare
701 3171 795 3224 adore
810 3171 863 3224 tut-

353 3250 425 3308 miue
440 3252 504 3303 ictus
523 3249 632 3303 interiit.
651 3250 810 3317 Pausanias,
835 3249 863 3304 iu

353 3330 530 3385 Corinthiacis
542 3371 549 3396 ,
570 3331 651 3383 multa
662 3332 727 3384 scitu
738 3331 864 3401 dignissi-

354 3429 398 3464 ma
410 3410 443 3463 de
459 3410 577 3463 Phliasiis
587 3407 710 3479 prodidit.

388 3488 445 3541 331.
462 3489 519 3540 Aut
536 3495 565 3539 ut
581 3490 759 3540 Amastriacis.
776 3487 865 3540 Ama-

1370 1926 1421 1994 340

943 2075 999 2129 333.
1019 2075 1101 2143 thue
1118 2077 1163 2126 vel
1172 2074 1339 2143 Eurydamas.
1358 2072 1421 2128 Moe

910 2152 955 2207 diu
967 2153 1036 2222 apud
1047 2151 1184 2207 Thessalos
1196 2151 1262 2216 tuit,
1274 2162 1304 2205 ut
1314 2150 1422 2204 interfi-

910 2233 1037 2287 cientium
1057 2250 1168 2301 corpora
1188 2230 1256 2283 eirca
1274 2230 1420 2283 occisorum

910 2311 1046 2378 sepulchra
1058 2310 1243 2374 traherentur,
1258 2319 1286 2362 ut
1300 2308 1421 2380 Euryda-

912 2387 1008 2441 mantis
1020 2388 1140 2456 exemplo
1157 2398 1276 2451 constat,
1296 2386 1340 2455 qui
1352 2387 1421 2439 circa

912 2465 1042 2539 Thrasylli
1055 2467 1158 2536 (quem
1175 2464 1343 2518 interfecerat
1355 2464 1366 2528 )
1379 2473 1422 2517 tu·

912 2545 1015 2598 mulum
1031 2544 1148 2609 aSimo,
1172 2542 1302 2613 Thrasylli
1321 2541 1420 2606 fratre,

912 2632 1009 2676 tractus
1020 2633 1077 2688 est,
1091 2632 1196 2675 auctore
1213 2621 1240 2673 in
1255 2619 1334 2675 xxtl
1347 2617 1420 2673 lliad.

914 2702 1071 2776 Porphyrio.

946 2784 1002 2836 335.
1016 2780 1424 2850 Velpur'quesuerattutalusme·

912 2866 957 2915 m'u
965 2880 1030 2927 saepe
1043 2862 1150 2926 Corpore
1167 2862 1284 2911 lustravit
1298 2877 1348 2910 non
1363 2859 1423 2910 diu-

915 2950 991 2992 turna
1001 2959 1055 2993 suo.
1071 2939 1178 2991 Hector.
1191 2936 1267 3007 Dona.

946 3017 1002 3086 337.
1019 3019 1100 3084 thue
1110 3034 1200 3070 nodum
1204 3034 1287 3082 passa
1297 3022 1338 3066 est
1344 3030 1424 3081 penus

912 3099 1423 3164 HippomemulethrlHlppomeneidanon·

913 3172 1423 3240 uulliveteres.Srribe:uthuenovum

913 3269 1080 3323 passagenos
1093 3248 1306 3321 Hippomeneide
1319 3247 1397 3311 lethi,
1408 3269 1423 3296 ι

913 3330 945 3383 ad
956 3331 1079 3384 Limoues
1087 3329 1237 3383 adulterum
1244 3329 1317 3381 enim
1327 3326 1377 3379 hoo
1385 3324 1425 3387 di·

912 3410 1015 3463 stichon
1022 3422 1061 3464 est
1069 3409 1255 3470 referendum
1268 3408 1301 3461 de
1310 3408 1423 3460 Limone

914 3499 1019 3542 aeturus
1031 3498 1069 3542 est
1080 3488 1148 3542 infra
1160 3508 1226 3542 vers.
1236 3491 1297 3558 459,
1310 3497 1337 3539 et
1345 3505 1423 3539 versu

354 3566 414 3619 stris
427 3566 489 3619 urbs
501 3576 539 3618 est
551 3563 578 3616 in
594 3565 748 3632 peninsula,
766 3564 865 3618 hahens
914 3566 1109 3638 proximolorte
1118 3568 1303 3633 scribendum,
1317 3569 1425 3621 Tractus

354 3654 447 3714 portus
456 3662 487 3697 ex
496 3654 606 3711 utraque
616 3652 689 3711 parte
697 3683 704 3709 ,
713 3662 794 3711 quam
802 3662 867 3697 cou-
914 3649 1056 3701 Erechthea
1067 3650 1155 3705 humo.
1169 3666 1232 3700 uam
1245 3657 1347 3700 veteres
1360 3648 1425 3697 Tra·

355 3720 422 3775 didit
435 3720 563 3774 Amastris
576 3718 699 3792 Oxyartis
712 3720 781 3787 filia,
800 3741 866 3775 uxor
913 3734 969 3779 ctus
980 3734 1006 3776 et
1014 3725 1114 3778 Actora.
1127 3725 1162 3779 H.
1176 3750 1209 3765 -
1222 3727 1425 3792 Hippomeneide.

354 3799 478 3870 Dionysii
494 3795 600 3871 tyranni
613 3797 797 3852 Heracliensis.
814 3800 865 3853 Hic
914 3803 1099 3873 Hippomenes
1118 3802 1285 3856 Athenarum
1304 3801 1425 3871 princeps

353 3876 497 3949 Dionysius
511 3877 622 3929 Lenaeus
636 3876 720 3929 dietus
738 3887 777 3930 est
797 3898 803 3931 :
820 3879 865 3947 qui
914 3880 981 3945 suit,
996 3880 1072 3947 cujus
1083 3879 1136 3932 filia
1147 3880 1175 3933 iu
1186 3879 1316 3933 adulterio
1326 3879 1424 3948 depre-

355 3956 477 4024 expulsus
496 3974 510 4008 a
527 3954 703 4021 Mithridate,
721 3955 823 4025 aufugit
837 3958 865 4011 in
914 3960 996 4015 hensa
1008 3970 1063 4025 est,
1079 3970 1177 4028 apatre
1192 3960 1226 4013 ob
1239 3958 1321 4013 scelus
1333 3959 1424 4027 juncta

355 4024 476 4102 Α’χιλὶίως
494 4039 596 4109 dpo'pm,
616 4033 764 4103 inlocum,
784 4055 865 4104 quem
913 4037 1050 4109 equozqui
1058 4037 1194 4093 conclusus
1202 4057 1284 4106 quum
1294 4038 1425 4093 alimentis

357 4113 476 4167 Gursum
497 4111 604 4166 Achillis
621 4111 773 4181 adpellaut;
790 4115 834 4168 ubi
850 4134 866 4168 a
913 4126 1028 4183 careret,
1039 4115 1131 4170 dentes
1141 4117 1167 4169 in
1179 4115 1293 4185 puellam
1302 4115 1423 4182 conjecit

354 4191 407 4247 suis
419 4190 555 4258 desertus,
571 4191 650 4261 periit
663 4193 737 4247 omui
752 4192 866 4248 destitu·
914 4193 1028 4261 Adulter
1035 4213 1098 4247 vero
1107 4193 1299 4265 perregionem
1308 4194 1424 4261 Atticam

354 4281 397 4323 tus
408 4287 466 4338 ope.
481 4267 560 4323 Dost-
914 4272 946 4326 ab
958 4273 1032 4342 equis
1043 4282 1141 4328 tractus
1152 4282 1199 4326 est.
1209 4271 1288 4325 Dola.
