3159 5134
351 526 394 594 3²
633 524 674 590 P.
700 523 882 593 OVIDII
908 522 1142 593 NASONIS

400 666 537 768 Quique
551 664 656 739 bomo
668 680 762 765 parte
777 664 850 753 sni,
867 682 962 767 parte
978 665 1138 764 juvencus
1155 682 1242 753 erat;
1381 687 1433 755 410

352 785 490 884 Quique
508 782 619 857 trabes
631 810 765 884 pressas
780 781 824 856 ab
842 781 946 856 humo
962 781 1117 857 mittebat
1133 782 1168 856 in
1184 809 1302 868 auras,

404 900 563 1003 AEquovis
576 899 764 1003 adspiciens
780 900 884 999 hujus
898 919 932 974 et
946 900 1048 1000 bujus
1064 929 1186 1002 aquas;

355 1018 507 1117 Quaeque
527 1016 629 1090 Ceres
645 1014 729 1088 vidit
743 1012 821 1089 larto
839 1014 1013 1116 pereuntia
1030 1012 1127 1089 vultu

406 1131 558 1231 Corpora
573 1129 703 1203 Thesea
718 1129 909 1229 Cercyonea
924 1157 1036 1203 mann.

357 1248 438 1321 llaec
455 1244 537 1331 tibi,
556 1272 654 1346 quem
670 1243 798 1319 meritis
813 1244 971 1345 precibus
988 1272 1060 1318 mea
1078 1242 1218 1318 devovet
1233 1243 1302 1331 ira,
1383 1264 1434 1334 4¹5

406 1358 586 1441 Eveniant,
605 1376 662 1432 aut
678 1358 733 1433 his
747 1387 818 1432 non
837 1357 961 1433 leviora
976 1357 1094 1432 malis:

359 1477 480 1577 Qualis
497 1476 748 1551 Achemenides
765 1476 878 1551 Sicula
892 1477 1043 1552 desertus
1059 1477 1096 1550 in
1113 1477 1237 1568 AEma,

406 1595 526 1668 Troica
545 1623 649 1695 quum
664 1593 750 1668 vidit
765 1593 837 1669 vela
854 1596 990 1682 venire,
1007 1594 1093 1669 fuit:

361 1708 481 1808 Qualis
498 1726 567 1785 erat
584 1736 645 1782 uec
660 1738 731 1783 non
748 1708 883 1785 fortuna
898 1710 1084 1786 binominis
1101 1709 1169 1800 Iri,

412 1826 549 1929 Quique
566 1843 680 1901 tenent
698 1843 857 1928 pontem,
876 1856 950 1930 quc
966 1826 1029 1901 tibi
1045 1826 1138 1929 pejor
1156 1825 1227 1900 erit.
1386 1844 1439 1913 420

362 2030 423 2074 tur:
437 2018 457 2072 si
471 2035 534 2071 vero
544 2016 696 2085 breviores,
711 2016 823 2086 pedibus
835 2015 879 2070 di-
960 2018 1018 2085 4¹3·
1032 2020 1142 2085 Quaque
1153 2018 1228 2070 Ceres
1239 2019 1311 2070 cidit.
1323 2013 1440 2089 Cercyo-

361 2095 561 2153 stendebautur.
574 2096 645 2149 Zsu·
926 2114 990 2149 nem
1004 2093 1135 2148 Arcadem
1148 2093 1176 2147 in
1187 2092 1306 2163 patum
1319 2091 1439 2148 Theseus

396 2177 454 2241 410.
469 2178 564 2242 Quique
576 2176 656 2225 homo.
669 2172 711 2225 De
720 2172 878 2225 Minotauro
926 2174 997 2243 justa
1010 2172 1173 2226 Eleusiniam
1186 2169 1315 2225 Cererem
1328 2190 1440 2240 supera-

363 2252 501 2321 iutelligit,
514 2270 593 2320 quem
605 2250 725 2304 Theseos
736 2250 878 2305 interfecit.
926 2255 976 2318 vit,
986 2262 1016 2306 ut
1023 2249 1180 2306 Plutarchus
1186 2247 1290 2315 scs-ibit,
1298 2249 1366 2304 etab
1374 2247 1440 2303 Osi·

398 2335 427 2399 ‘i'
436 2351 456 2383 ι.
471 2334 566 2399 (lupae
575 2333 660 2383 trabes
666 2339 829 2396 pressasetc.
837 2329 880 2383 Pi·
927 2331 973 2385 dio
983 2332 1011 2385 in
1024 2332 1089 2384 Met
1101 2329 1146 2383 lib.
1158 2330 1233 2395 Vll,
1247 2330 1296 2403 439
1306 2330 1439 2399 tangitur:

367 2418 536 2483 tyocampten
548 2406 670 2477 iutelligit
682 2417 775 2475 poeta,
791 2406 837 2476 qui
847 2405 879 2459 ab
928 2429 943 2455 a
954 2406 1100 2480 Cercyonis
1118 2406 1220 2460 lethum
1239 2406 1305 2460 vidit
1323 2404 1441 2461 Cereabs

365 2504 398 2539 so
411 2503 511 2539 nomen
525 2482 634 2550 babuit,
654 2482 725 2554 quod
738 2482 881 2552 bospitesa
929 2485 1039 2540 Eleusis
1053 2507 1067 2532 »
1088 2490 1196 2554 Quaque
1208 2487 1283 2540 Ceres
1300 2488 1367 2539 mitit
1381 2489 1441 2538 lato

365 2586 393 2619 se
408 2565 552 2619 certamine
565 2564 667 2630 victos,
686 2562 795 2617 diversis
811 2561 882 2632 pini·
923 2570 1057 2634 pereuntia
1068 2569 1146 2619 tutta.
1162 2565 1277 2635 Pmpter
1289 2565 1388 2618 sublata
1399 2564 1440 2618 la·

367 2645 416 2699 bus
433 2644 460 2697 in
483 2653 581 2697 terram
601 2641 715 2695 curvatis
734 2640 880 2712 adligabat,
929 2643 1041 2699 trocinia
1059 2643 1172 2709 scilicet,
1193 2644 1287 2712 quibus
1307 2642 1350 2697 ille
1370 2644 1441 2698 viam

368 2735 446 2794 atque
458 2724 495 2776 ita
507 2721 614 2792 ligatos,
635 2721 728 2775 iisdem
745 2720 881 2774 arboribus
930 2734 1008 2793 atque
1017 2722 1157 2777 aditumad
1164 2722 1327 2787 Eleusinem,
1336 2723 1381 2775 ubi
1390 2719 1442 2775 Ce-

367 2820 471 2857 sursum
489 2800 588 2854 iterum
605 2819 635 2854 ac
651 2800 750 2871 pariter
764 2798 881 2864 emissis,
930 2820 972 2855 res
985 2803 1112 2872 precipue
1129 2799 1283 2866 colebatur,
1298 2798 1443 2853 infestaret

367 2881 504 2935 lacerabat.
517 2879 570 2933 Hic
582 2877 675 2932 lstbmi
693 2877 824 2949 angustias
832 2877 883 2932 ob-
963 2880 1019 2945 415.
1028 2882 1112 2944 'Queat
1118 2877 1331 2945 prect‘basjustcs.
1342 2878 1443 2931 neruis

368 2958 483 3024 ridebat,
499 2975 581 3027 quare
597 2956 640 3010 bic
652 2975 666 3009 a
678 2966 755 3025 poeta
769 2955 881 3023 dicitur,
926 2961 1044 3025 precibus
1055 2956 1173 3027 plerique
1185 2954 1282 3024 scripti.
1294 2955 1394 3009 Hastis.

369 3038 449 3106 buius
465 3046 494 3089 et
508 3033 577 3089 illius
591 3035 704 3103 equoris
719 3052 817 3103 aqum,
831 3033 883 3089 lroc
964 3035 1022 3101 416.
1045 3037 1175 3090 Evenient.
1198 3033 1266 3102 lege
1282 3070 1291 3099 ,
1309 3034 1445 3086 Erem'ast.

304 3138 315 3157 r
368 3126 425 3183 est,
445 3113 553 3169 lonium
568 3123 595 3167 et
607 3112 724 3183 AEgeum
739 3131 813 3169 mare
829 3112 883 3165 ad·
933 3113 1054 3170 Consu.
1077 3114 1155 3168 Fun.
1176 3117 1213 3168 Et
1231 3117 1354 3177 venrant,
1371 3129 1443 3166 unus

369 3195 488 3266 aperisse.
496 3192 632 3247 Ceterum
640 3191 755 3246 eundem
761 3191 834 3247 bunc
840 3191 883 3245 alii
932 3194 1054 3259 Heinsii5
1066 3197 1103 3247 Et
1112 3199 1225 3253 terreat,
1243 3192 1308 3246 alius
1319 3191 1443 3247 Gallicus.

369 3271 472 3327 faciunt
486 3288 547 3325 curn
561 3289 595 3323 eo
611 3288 691 3339 quem
704 3269 793 3323 Sinim
804 3287 884 3339 supra
965 3277 1022 3346 tsq
1039 3275 1130 3340 Qualis
1144 3282 1207 3325 erat.
1224 3272 1284 3326 lrns
1301 3269 1445 3324 Ithacensis

370 3350 456 3406 vocari
469 3348 589 3403 diximus.
604 3345 718 3403 Ovidius
728 3357 832 3414 autern,
845 3347 884 3400 di·
933 3351 1091 3417 mendicus,
1110 3350 1218 3404 celebris
1238 3349 1355 3403 carmine
1377 3348 1444 3402 Ho-

372 3448 476 3495 vcvsos,
496 3426 573 3480 Sinin
585 3435 612 3479 et
623 3424 711 3492 bunc,
729 3423 762 3478 de
775 3444 828 3493 quo
841 3424 884 3478 bic
933 3431 1008 3484 meri,
1021 3431 1072 3484 Hic
1086 3430 1113 3482 in
1127 3427 1302 3482 mendicitatis
1317 3427 1444 3496 objurga-

359 3504 484 3573 ‘dicitur,
498 3505 700 3578 Pityocampteu
712 3501 799 3556 facere
810 3503 885 3556 vide·
933 3510 1033 3564 tionem
1046 3527 1151 3577 semper
1162 3506 1445 3575 objicitur.-Brirorsi-

373 3596 432 3639 tur:
446 3602 529 3652 quum
538 3600 616 3652 supra
624 3580 718 3649 Sinin,
731 3600 780 3634 suo
790 3600 885 3651 acpro
932 3594 974 3641 ω
985 3587 1097 3651 dicitur,
1116 3584 1241 3653 quoniam
1257 3585 1363 3636 Arneus
1378 3579 1443 3634 olim

372 3663 431 3734 prio
446 3662 571 3730 nomme,
586 3661 628 3715 hle
643 3660 884 3730 ²¹¹1em‚e¹¹mqttl
934 3678 973 3722 est
987 3666 1131 3736 adpellatus
1144 3683 1158 3717 a
1171 3673 1255 3716 matre
1271 3680 1278 3715 z
1296 3660 1341 3715 sed
1359 3660 1445 3714 dictus

372 3743 478 3796 arbores
489 3741 516 3794 in
525 3751 624 3795 terram
634 3750 766 3806 curvatas,
778 3758 884 3794 rursum
934 3747 993 3801 lm,
1006 3746 1039 3799 ab
1052 3744 1124 3811 aliis,
1142 3762 1157 3797 a
1170 3740 1326 3812 loquacitate
1337 3738 1445 3793 mendi-

373 3824 401 3876 in
416 3841 491 3877 auras
504 3819 607 3888 emisit,
623 3820 762 3891 subpresso
774 3819 884 3874 nomine
934 3823 1021 3879 candi.

374 3900 497 3971 posuerit.
967 3904 1024 3968 tao.
1034 3901 1131 3968 Quique
1138 3906 1338 3965 taaeeutpoaterr.
1350 3898 1449 3964 qut'tr'be‘

407 3983 463 4049 dia.
470 3983 587 4052 &noro
594 3984 747 4050 adspiciens.
755 3980 835 4035 Forte
841 3981 887 4033 ad·
934 3979 1018 4048 major
1026 3983 1081 4031 erit.
1097 3979 1192 4032 Teneat
1205 3976 1293 4047 scripti
1308 3991 1403 4043 magna
1414 3991 1447 4026 es

372 4078 500 4129 spereeas,
511 4058 601 4113 laceris
611 4077 709 4129 nempe
717 4059 885 4129 corporibus,
935 4067 1009 4127 parte
1021 4078 1028 4119 ;
1042 4065 1069 4109 et
1081 4067 1168 4123 recte,
1181 4073 1244 4109 uam
1255 4052 1390 4107 mendicos
1400 4050 1446 4102 in-

373 4138 415 4191 vel
427 4136 569 4206 infestare&
589 4156 653 4191 nam
667 4136 696 4190 iu
710 4136 801 4192 multis
813 4147 887 4190 vete·
935 4135 1043 4204 telligit,
1058 4134 1138 4188 iidem
1155 4133 1214 4188 cod.
1230 4152 1285 4202 qsoe
1297 4135 1346 4185 tibi
1356 4129 1448 4195 malos.

375 4236 435 4272 rum
455 4226 495 4270 est
512 4220 686 4287 adspectans,
707 4220 841 4287 adspectas
859 4224 887 4272 et
936 4213 1027 4268 Scribe
1037 4235 1091 4284 que
1101 4218 1153 4267 tibi
1154 4212 1230 4281 pejor
1237 4217 1300 4273 erit,
1316 4219 1343 4264 et
1352 4207 1384 4262 ad
1392 4207 1448 4259 for·

372 4305 531 4366 exspectaus.
542 4294 643 4352 llstus.
936 4302 1029 4347 tunam
1037 4290 1449 4348 referAErustraseexercuerunt
1530 4304 1533 4309 ·
