3159 5134
368 542 433 606 252
639 537 916 607 HERCULIS
940 537 1171 608 ctorem

466 677 571 731 sveno.
588 690 975 731 riorn.neo1.v1ru.sua
993 692 1135 732 mear.
1153 690 1294 732 suman.

470 769 654 822 rums.
672 782 809 834 ηρηιι.
826 783 955 823 muss-
971 784 1025 821 urs.
1043 783 1183 823 consmcs.
1200 783 1321 821 amru.

369 894 470 968 Numi
479 892 581 982 olim,
599 920 702 993 Qum
712 891 776 967 sub
785 919 1000 987 meroreguus
1013 892 1151 992 imperio
1164 910 1264 977 esset,
1282 893 1434 996 (qnippe

368 1009 465 1083 annis
479 1006 600 1083 abhinc
616 1006 694 1108 plus
708 1007 819 1081 miuus
835 1007 1075 1109 quinquaginta
1092 1008 1316 1105 lannojorum
1338 1009 1431 1109 prin-

369 1121 479 1223 cipum
507 1121 607 1195 misto
631 1137 725 1221 paret
750 1121 917 1221 imperio,
944 1148 1086 1221 quorum
1107 1148 1198 1195 nnnc
1222 1122 1434 1208 HonffltJS,

369 1238 505 1338 ejusque
518 1233 608 1308 lilius
620 1235 816 1309 Pnulrltvs
828 1251 907 1321 suut
919 1235 1135 1336 superstites)
1148 1253 1216 1311 tam
1226 1237 1317 1323 aerei,
1335 1264 1436 1337 qnam

369 1349 534 1447 argentei,
552 1367 653 1450 atque
674 1350 786 1442 aurei,
806 1375 947 1449 quorum
968 1349 1151 1424 nonnullos
1172 1347 1273 1423 hodie
1298 1350 1437 1451 reperiri

370 1468 539 1553 ridemus,
562 1462 722 1538 Sulmone
749 1463 964 1540 cudebantur.
992 1465 1091 1539 Unde
1111 1466 1221 1567 ipsum
1239 1495 1258 1539 a
1276 1466 1436 1561 regibus,

370 1584 430 1686 qni
455 1600 564 1657 astate
586 1582 641 1655 hic
665 1582 974 1669 commorabantur,
994 1596 1124 1683 semper
1141 1580 1275 1682 plurimi
1294 1609 1365 1658 esse
1383 1582 1437 1656 fa-

371 1719 459 1775 ctum
475 1699 550 1800 quis
565 1726 635 1772 nou
652 1697 833 1797 opinetur?
844 1699 883 1771 L.
898 1696 1033 1784 Ploms,
1049 1695 1193 1771 debello
1208 1697 1377 1785 Mariano,
1390 1698 1440 1772 sic

373 1817 413 1891 de
431 1814 589 1891 Sulmone
603 1813 707 1889 literis
722 1813 924 1909 consignavit
938 1845 947 1887 :
964 1813 1131 1899 «Positis,
1145 1813 1274 1914 inquit,
1287 1814 1440 1911 singulo-

375 1966 392 1998 »
406 1961 481 2007 rum
490 1930 662 2005 bominum
674 1929 741 2004 fere
749 1930 869 2031 ponis,
875 1928 1055 2031 municipia
1062 1928 1164 2005 ltalia
1171 1927 1439 2030 splendidissima

376 2082 394 2113 »
410 2047 474 2121 sub
489 2046 584 2121 hasta
598 2047 770 2121 venierunt
783 2075 791 2118 z
804 2043 1010 2146 Spoletium,
1026 2048 1233 2130 Interamna,
1252 2046 1437 2133 Prmueste,

377 2196 394 2227 o
408 2162 571 2237 Fluentia.
590 2165 674 2236 Nam
685 2161 895 2249 Sulmonem,
909 2179 1004 2235 vetus
1017 2161 1177 2261 oppidum
1195 2159 1322 2235 socium
1336 2177 1439 2261 atque

376 2310 394 2341 »
409 2276 550 2350 amicum
567 2275 718 2375 (lacinus
739 2275 955 2374 indiguum),
973 2274 1123 2348 nondum
1138 2291 1380 2376 expugnatum,
1398 2291 1440 2348 ut

378 2423 395 2455 a
411 2389 546 2465 obsides
557 2390 630 2490 jure
638 2389 718 2465 belli
730 2389 847 2477 modo,
865 2408 898 2465 et
911 2408 1017 2465 morte
1027 2390 1170 2466 damnati
1182 2390 1256 2465 duci
1266 2391 1438 2489 jubentur,

378 2537 395 2567 »
412 2502 458 2576 sic
475 2503 659 2577 damnatam
676 2502 838 2577 civitatem
852 2504 950 2603 jussit
965 2504 1056 2605 Sylla
1073 2502 1182 2579 deleri.
1205 2539 1223 2570 »
1240 2505 1353 2605 Atque
1372 2505 1439 2578 hoc

376 2635 425 2692 est
440 2616 597 2708 fortasse,
612 2619 703 2720 quod
719 2619 765 2692 ait
779 2636 877 2721 poeta
895 2639 1026 2710 noster,
1043 2620 1144 2696 Trist
1155 2622 1207 2708 11,
1222 2618 1309 2707 321,
1323 2619 1439 2695 duleus

377 2764 411 2813 se
425 2764 478 2811 res
494 2752 602 2832 gestas
616 2738 844 2811 Romanorum
858 2754 892 2811 et
908 2736 1022 2838 patriae
1040 2765 1108 2810 nou
1125 2736 1385 2836 conscripsisse:

525 2885 602 2941 ·Non
613 2884 678 2939 mihi
690 2886 826 2940 materiam
840 2885 958 2940 bellatrix
970 2886 1057 2940 Rorm
1068 2885 1199 2957 negabat,

570 2968 606 3023 Et
618 2969 676 3039 pius
687 2979 726 3024 cst
735 2970 825 3038 patriae
836 2967 905 3023 lacta
916 2967 1108 3033 reserrelabar.

378 3083 561 3159 Possumus
576 3104 731 3186 praterea
747 3088 907 3186 conjicere
922 3104 1052 3189 poetam
1070 3106 1223 3162 nostinm
1242 3115 1283 3161 eo
1299 3088 1440 3162 carmine

379 3198 474 3273 etiam
489 3200 670 3296 significare
683 3200 847 3293 voluisse,
863 3203 956 3305 quod
967 3220 1112 3278 recenset
1124 3205 1242 3291 Cesar,
1254 3206 1282 3292 l,
1294 3229 1365 3304 cap.
1386 3201 1440 3290 18,

380 3311 419 3385 de
428 3312 523 3388 Bello
533 3313 641 3406 Civili,
650 3315 710 3390 ubi
722 3316 769 3390 ita
779 3335 838 3393 est.
856 3352 874 3384 «
886 3320 1023 3394 Interim
1033 3319 1152 3395 Caesari
1163 3319 1350 3405 nuntiatur,
1364 3316 1441 3391 Sul-

378 3459 570 3521 mouenses,
584 3432 676 3534 quod
686 3432 846 3534 oppidum
857 3462 875 3508 a
886 3428 1036 3509 Corfinio
1051 3450 1177 3535 septem
1188 3431 1330 3509 millium
1342 3431 1443 3506 inter·

379 3544 465 3620 vallo
488 3547 601 3635 abest,
620 3575 739 3651 cupere
756 3576 793 3622 ca
808 3546 933 3636 lacere,
952 3576 1024 3649 quas
1046 3544 1145 3621 vellet
1169 3577 1177 3621 z
1195 3546 1289 3622 seda
1306 3544 1350 3641 Q
1368 3546 1444 3619 Lu-

380 3660 481 3733 cretio
496 3679 645 3735 senatore
662 3677 693 3734 et
706 3660 801 3734 Attio
818 3660 1007 3762 prohiberi,
1025 3660 1082 3762 qui
1095 3660 1130 3734 id
1143 3658 1310 3761 oppidum
1318 3674 1445 3760 septem

383 3776 567 3851 cohortium
576 3777 729 3879 prasidio
739 3778 906 3853 tenebant.
923 3777 1032 3852 Mittit
1046 3805 1086 3852 eo
1103 3779 1151 3851 M.
1168 3776 1353 3850 Antonium
1370 3801 1447 3849 cum

382 3888 522 3985 legionis
539 3908 660 3966 octavae
675 3891 875 3968 cohortibus
894 3891 1043 3993 quinque
1059 3919 1068 3980 ;
1094 3888 1329 3965 Sulmonenses
1347 3885 1446 3963 simul

382 4020 480 4104 atque
497 4021 610 4078 nostra
628 4004 721 4100 signa
737 4005 914 4094 viderunt,
939 4021 1052 4105 portas
1067 4019 1267 4104 aperueruut
1289 4032 1299 4077 s
1316 4002 1447 4077 univer·
1543 4032 1547 4037 ·

382 4121 476 4221 sique
494 4140 527 4196 et
542 4121 702 4224 oppidani
728 4142 762 4198 et
784 4121 905 4199 milites
923 4121 1055 4199 obviam
1079 4119 1280 4218 gratulantes
1297 4117 1446 4194 Antonio

383 4236 540 4313 exierunt.
553 4236 726 4313 Lucretius
734 4254 768 4313 et
778 4237 891 4313 Attius
901 4237 941 4312 de
949 4266 1045 4313 muro
1055 4265 1090 4313 se
1101 4236 1299 4336 dejecerunt.
1307 4268 1325 4303 »
1333 4235 1446 4332 Quare
