3159 5134
358 538 425 624 440
614 538 852 609 ΝΟΤΙΤῙΑ·
874 538 1166 608 LITERARIA

851 679 938 767 1659.

393 812 442 874 Jo.
459 812 537 872 cuit
553 809 715 894 Coposemi
724 812 1013 878 Animadversionem
1022 812 1053 873 iu
1066 813 1166 875 Ovidii
1180 812 1426 896 Metamorphosin

352 912 425 976 liber
437 914 462 972 l.
473 911 595 994 Lipsioe,
612 913 691 995 apud
703 912 751 974 Jo.
767 914 813 974 W
811 914 920 992 atte‘gau.
933 913 1035 974 in-1a.

817 1039 895 1106 1666
912 1067 973 1127 seq.

394 1161 550 1234 Poenina,
578 1180 644 1221 cum
658 1158 736 1221 notis
752 1172 782 1221 et
798 1159 1034 1238 interpretatione
1051 1159 1149 1244 gallica
1164 1160 1340 1236 Mamttesii,
1363 1162 1425 1223 Pe-

355 1260 442 1319 risiis.
457 1254 550 1317 iis-80.
564 1253 584 1315 8
600 1257 658 1322 vol.
673 1292 713 1305 -
725 1259 842 1320 Desunt
857 1257 1134 1341 Metamorphoseon
1148 1257 1223 1320 libri.

848 1386 936 1449 1661.

395 1512 416 1549 ⁴¹
435 1512 564 1588 Operum
581 1512 614 1571 P·
633 1510 733 1573 Ovidii
755 1513 823 1573 Nas·
841 1511 930 1573 editio
941 1533 1027 1574 nova·
1042 1510 1113 1572 Nic.
1129 1511 1289 1584 Heinsius,
1304 1512 1378 1573 Dan·
1395 1514 1428 1573 F.

353 1611 514 1684 recensuit,
535 1622 565 1672 et
579 1623 661 1671 notas
675 1610 796 1672 addidit.
811 1610 1035 1684 Amstelodami,
1056 1631 1095 1669 ex
1109 1607 1185 1688 offic
1203 1610 1323 1671 Eizeoir.
1335 1609 1428 1672 in-rl's

354 1706 375 1768 3
391 1709 450 1773 vol.
466 1740 508 1756 -
526 1708 593 1770 Nic.
609 1707 771 1782 Heinsius,
788 1729 872 1772 verus
889 1708 989 1772 Ovidii
1003 1708 1160 1788 sospitator
1172 1753 1181 1784 ‚
1193 1709 1291 1771 multis
1304 1710 1427 1792 antiquis

354 1804 457 1881 libris,
474 1829 525 1885 per
542 1808 786 1889 opportunitatem
813 1797 949 1871 itinerum
972 1830 1024 1891 per
1038 1829 1139 1869 omnes
1156 1807 1286 1870 cultioris
1302 1810 1428 1890 Europae

352 1918 465 1989 partes,
479 1907 589 1969 collatis
609 1919 638 1980 ¹,
656 1918 766 1968 textum
780 1919 909 1969 accurate
926 1906 1075 1983 correxit,
1099 1907 1202 1969 additis
1215 1907 1292 1970 notis
1307 1905 1426 1969 eximiis

350 2004 516 2068 Secundum
529 2006 615 2088 hujus
631 2005 677 2067 ed.
693 2006 752 2068 vol.
766 2005 885 2084 praefert
895 2027 962 2067 ann.
978 2001 1065 2088 1659.

390 2105 476 2166 Dion.
491 2106 640 2183 Sulcagnii
650 2105 762 2166 Boessii
771 2105 899 2167 Miscella
917 2105 1027 2182 (videl.
1052 2104 1271 2168 commentarius
1288 2106 1320 2166 iu
1336 2104 1401 2166 lbin
1414 2148 1423 2179 ‚

350 2213 433 2264 vetem
458 2202 597 2283 interpres
617 2202 758 2265 Ovidiaui*
771 2201 859 2265 libelli
876 2202 906 2264 iu
925 2203 991 2265 lbin
1006 2247 1016 2279 ‚
1031 2202 1118 2264 Philo
1133 2204 1249 2287 Byuant.
1266 2203 1302 2264 de
1318 2215 1424 2283 septem

352 2298 452 2360 mnudi
464 2299 606 2361 miraculis
618 2345 628 2377 ,
641 2303 719 2379 otc.)
730 2300 870 2380 Lugduni.
887 2299 974 2363 in·8⁰.

848 2423 936 2488 1662.

393 2548 490 2630 Opera
505 2546 620 2620 omnia,
641 2569 675 2609 ex
688 2548 857 2609 recensione
872 2548 940 2609 Nic.
956 2548 1093 2622 Heleni,
1116 2571 1181 2609 cum
1197 2548 1276 2610 notis
1297 2549 1424 2611 selectis-

352 2647 431 2708 simis
446 2648 611 2720 morum,
635 2658 785 2709 aeciuante
809 2646 894 2707 Corn.
920 2649 1088 2709 Schreoelrir.
1112 2648 1247 2727 Lugdesni
1265 2649 1333 2711 Bac
1351 2651 1428 2731 uprsd

353 2748 431 2809 Petr.
442 2746 550 2826 Lesseit.
567 2745 660 2807 in-80.
673 2744 694 2808 3
709 2748 767 2810 vol·
779 2769 845 2808 cnm
856 2746 905 2830 fig
922 2746 1010 2808 mnus
1025 2746 1251 2830 elegantissimis.

391 2846 546 2909 anellus
570 2846 699 2931 Nigelli,
718 2858 747 2906 et
764 2845 868 2906 Vetula
884 2845 984 2908 Ovidii
993 2887 1068 2906 .....
1080 2845 1164 2907 ambo
1178 2859 1242 2907 ante
1257 2845 1315 2907 dno
1331 2865 1423 2927 prope

349 2948 443 3010 secula
454 2948 577 3031 junctim
587 2946 704 3030 publico
713 2946 871 3008 charactere
884 2946 1019 3009 Coloniae
1035 2968 1146 3023 excusa,
1156 2967 1311 3009 nunerero
1323 2944 1419 3008 denuo
1494 2969 1502 2979 ·

348 3069 382 3109 ex
395 3046 500 3107 illustri
515 3045 635 3128 quadam
653 3043 784 3107 Saxoniae
798 3043 942 3108 inferioris
958 3044 1131 3131 bibliotheca
1145 3044 1325 3126 deprompta,
1336 3056 1421 3125 atque

350 3167 366 3206 e
382 3156 497 3206 vetusto
513 3142 664 3225 exemplari
681 3143 711 3203 in
723 3143 794 3204 hanc
805 3142 994 3206 minusculam
1011 3164 1177 3227 compagem
1194 3140 1271 3205 bona
1281 3141 1337 3203 fide
1347 3163 1423 3204 eon-

349 3246 477 3307 formata.
494 3244 547 3307 W
544 3240 680 3323 offertyri.
697 3242 788 3304 in-80·
806 3254 818 3279 ²

839 3344 926 3408 1663.

390 3485 486 3562 Opem
497 3527 505 3558 ‚
516 3505 550 3546 ex
559 3505 667 3545 recens.
679 3483 755 3543 Dan.
763 3481 885 3542 Heinsii.
894 3480 1103 3542 Amstelodumi
1110 3527 1120 3554 ‚
1135 3451 1214 3565 opud
1222 3482 1269 3543 Jo.
1282 3463 1421 3549 Jonsson.

348 3582 449 3643 in-ra.
463 3580 482 3643 3
492 3581 551 3645 vol.

841 3656 927 3732 1664.

379 3795 503 3876 Opera,
517 3815 550 3855 en
564 3791 747 3877 castigatione
759 3790 825 3851 Nic.
835 3789 959 3851 Heinsii.
970 3791 1193 3867 Annulodumi,
1207 3792 1287 3875 opud
1299 3792 1422 3853 Eloeoir.

354 3896 454 3957 in-ra.
469 3891 489 3954 3
504 3895 562 3957 vol.

383 4063 392 4093 ¹
404 4058 446 4113 De
461 4057 502 4112 his
512 4056 570 4112 cod.
580 4056 633 4110 vid.
647 4057 678 4111 P.
695 4057 882 4110 Burmannum
896 4057 953 4112 sec
964 4057 993 4112 in
1009 4055 1240 4112 commentariolo
1254 4056 1287 4111 de
1298 4057 1352 4111 vita
1365 4056 1422 4112 Nic.

348 4142 471 4210 Heinsii,
483 4141 528 4211 qui
539 4150 578 4195 est
589 4141 617 4194 iu
627 4140 710 4209 capite
723 4138 863 4194 Adversas.
876 4140 1095 4196 Heinsianorum.

375 4221 613 4293 ’Metamorphos
639 4219 700 4275 libri
719 4220 771 4274 XV
794 4222 949 4292 expurgati,
969 4222 1057 4279 studio
1079 4222 1173 4279 Jacobi
1190 4220 1325 4290 Pontaui,
1348 4218 1378 4276 S.
1393 4219 1420 4273 J·

346 4307 504 4374 Antserptiu
534 4306 691 4370 Vardanes,
716 4302 798 4370 1662,
819 4301 906 4359 in-80.
928 4303 959 4359 B.
