3159 5134
338 520 404 612 39²
585 520 825 586 NOTITIA
849 521 1160 587 LITERARIA

378 657 460 719 Libri
475 659 626 719 Fastorum
642 679 706 720 eum
726 671 880 720 comment
900 658 1024 721 Antonii
1045 659 1209 722 Constantii
1223 661 1359 722 Fmensis
1379 671 1410 720 et

336 756 419 817 Pauli
438 758 536 817 Marsi.
564 756 697 817 Venetiis.
720 756 819 817 in·fol.
831 792 872 804 -
886 758 980 819 Maitt.
1001 780 1064 842 pag.
1081 760 1159 842 4903
1186 760 1316 836 Pennus,
1336 771 1408 820 tom.

339 855 388 914 lll
401 899 411 931 ,
423 875 488 936 pag.
507 851 576 936 249.

833 957 920 1033 1488.

377 1098 520 1161 Heroides
534 1122 598 1160 enm
608 1114 762 1162 comment
778 1101 850 1164 Aut.
866 1102 985 1178 Volsci,
1000 1114 1030 1163 et
1043 1102 1073 1162 in
1088 1099 1153 1161 Ibin
1170 1123 1235 1163 cum
1251 1114 1407 1161 comment

338 1201 462 1262 Domitii
477 1201 629 1263 Calderini.
643 1205 677 1262 ln
691 1203 746 1264 fine
764 1229 771 1265 z
790 1231 804 1255 κ
820 1205 993 1282 lmpressum
1007 1201 1164 1263 Mediolani
1175 1223 1226 1283 per
1239 1202 1407 1263 Ulderieum

335 1303 558 1377 sciamus,
580 1287 1408 1365 monosemiuecccuxxxv111.»1n-s01.-

334 1404 426 1465 Denis
443 1405 544 1487 Suppl.
557 1427 621 1487 pag.
639 1402 715 1477 2533
739 1406 866 1483 Pauser,
880 1418 951 1467 tom.
968 1407 1021 1481 ll,
1041 1427 1104 1488 pag.
1118 1403 1166 1488 57.

376 1509 528 1572 Heroides.
551 1511 690 1582 Venetici,
701 1532 754 1593 per
769 1511 916 1571 Audenam
929 1512 963 1571 dc
981 1511 1171 1571 Pnituscichis
1192 1509 1404 1572 &metensem

335 1606 435 1669 in-sol.
445 1641 487 1655 -
497 1607 589 1669 Maitt.
603 1632 665 1693 pag.
678 1607 736 1672 502
750 1621 780 1672 et
791 1607 866 1683 5053
883 1612 1005 1681 Pauser,
1018 1621 1091 1670 tom.
1113 1612 1177 1682 lll,
1195 1632 1257 1694 pag.
1276 1609 1344 1668 251.

376 1714 512 1775 Remedia
528 1714 654 1777 Amoris.
678 1716 728 1777 Ad
743 1717 867 1779 casem:
889 1742 906 1770 ι
917 1717 1091 1798 lmpressum
1106 1715 1188 1796 tipo
1200 1738 1251 1793 per
1264 1714 1407 1776 Jacobum

335 1813 472 1882 Thauner
496 1813 735 1896 Herbipolensem
760 1839 766 1874 ε
788 1837 864 1878 anuo
881 1816 1000 1878 Domini
1024 1815 1370 1877 Mcccctxxxvllt,
1386 1842 1404 1872 s

334 1912 585 1988 init-Deoia,
605 1915 706 1996 Suppl.
720 1938 784 2000 pag.
798 1912 875 1987 253;
892 1917 1014 1989 Panser,
1031 1926 1102 1975 tom.
1120 1913 1174 1989 lV,
1192 1936 1254 1998 pag.
1275 1911 1345 1986 342.

834 2054 920 2138 1489.

376 2187 396 2227 *¹
411 2186 436 2245 V
436 2198 534 2259 encta,
545 2188 599 2260 IV,
611 2186 851 2270 OperumPrima
859 2185 977 2268 pagina,
989 2185 1039 2245 sol.
1056 2208 1068 2245 t
1083 2228 1091 2260 ,
1103 2209 1188 2247 vacua
1196 2186 1292 2248 relicta
1305 2202 1358 2250 ost.
1371 2192 1405 2250 lu
1431 2211 1435 2222 ’

335 2309 430 2348 aversa
446 2309 508 2371 pag.
525 2288 626 2370 incipit
650 2288 727 2349 Boni
747 2286 880 2348 Aecursii
897 2287 990 2347 Pisani
1005 2287 1135 2368 Epistola
1148 2288 1184 2348 ad
1199 2287 1340 2350 Ciechum
1356 2292 1403 2353 Si·

335 2396 497 2457 monetam,
514 2407 580 2444 cum
596 2384 653 2446 vita
667 2384 764 2446 Ovidii
778 2386 813 2445 ab
828 2379 929 2447 eodem
943 2387 1069 2447 collecta.
1091 2385 1229 2467 Sequitur
1244 2388 1333 2449 ludex
1351 2388 1405 2449 [ab.

335 2481 400 2542 libri
415 2483 697 2560 Metamorphoseon.
718 2487 806 2560 Hune
827 2486 930 2567 excipit
943 2485 1005 2546 Val.
1024 2484 1174 2563 Superchii
1186 2485 1292 2547 Pisaur.
1304 2487 1339 2546 ad
1354 2490 1403 2547 Jo.

336 2576 470 2638 Slortiam
485 2579 596 2639 Pisauri
612 2567 766 2662 principem
783 2582 920 2663 epistola,
936 2581 981 2643 cui
991 2580 1116 2663 subjecta
1126 2578 1251 2662 ejusdem
1270 2581 1299 2640 V
1296 2583 1333 2640 αΙ.
1346 2585 1406 2641 Su-

333 2675 445 2758 percbii
459 2676 559 2754 Elegia
578 2699 588 2736 .·
607 2703 622 2730 α
646 2677 846 2760 Conqueritur
869 2679 949 2761 quod
973 2679 1081 2758 barbari
1103 2678 1192 2739 velint
1215 2676 1318 2761 pariter
1338 2702 1403 2740 eum

335 2775 451 2836 Nasone
467 2796 551 2852 opera
568 2774 642 2837 illins
665 2776 789 2838 interire.
810 2801 825 2833 u
852 2777 990 2860 Sequitur
1007 2778 1060 2858 jam
1077 2776 1112 2835 Ρ.
1136 2775 1231 2836 Ovidii
1243 2777 1401 2835 Metamor-

333 2876 451 2957 phoaeoa
468 2876 539 2935 liber
551 2877 680 2957 primus,
699 2889 755 2938 ete.
779 2878 908 2961 Singulis
928 2877 1028 2938 iabulis
1047 2876 1192 2960 praemissa
1213 2877 1284 2936 iutra
1306 2876 1399 2958 ipsum

332 2986 442 3035 textum
459 2975 616 3036 summaria.
635 2980 669 3036 ln
683 2977 758 3038 fine:
778 3005 794 3031 u
811 2980 908 3064 Ferus
935 2976 1030 3038 Publii
1049 2976 1148 3037 Ovidii
1169 2974 1290 3038 Nasonis
1304 2977 1400 3036 Meta-

334 3075 524 3157 morphoseos
540 3098 624 3154 opera
634 3078 806 3138 Lucantonii
817 3077 976 3139 Florentiui
988 3077 1113 3159 impensa
1126 3101 1141 3138 a
1152 3076 1269 3139 Matheo
1282 3076 1402 3154 Capussa

336 3180 486 3241 Parmense
500 3178 707 3239 accuratissime
718 3179 852 3260 impressa
867 3176 1035 3255 (venetiis)
1051 3175 1149 3239 l'oelici
1162 3178 1313 3260 faustoque
1332 3200 1401 3238 aus—

333 3276 410 3361 picio
426 3276 473 3338 hie
494 3277 675 3338 clauduntur.
697 3277 787 3339 Anno
810 3276 1198 3338 Mcccc1.xxxv1111.1>ridie
1222 3276 1320 3338 Calen.
1345 3277 1400 3336 Ja-

334 3375 453 3437 uuariaa.
471 3401 486 3429 s
501 3375 571 3435 Post
587 3375 649 3436 haec
659 3374 821 3451 Regianum
832 3375 916 3454 liujus
934 3376 1024 3455 operis
1094 3375 1196 3436 Amen.
1212 3378 1247 3435 ln
1263 3371 1325 3435 folii
1340 3395 1399 3456 seq.

331 3474 421 3557 prima
437 3473 536 3559 pagina
554 3497 562 3533 a
576 3497 591 3530 u
607 3473 703 3533 Publii
723 3472 821 3534 Ovidii
841 3474 963 3536 Nasonis
980 3472 1176 3535 Sulmonensis
1192 3485 1285 3555 poetae
1299 3473 1398 3534 elaris-

331 3576 394 3638 simi
412 3567 572 3637 Heroidnm
586 3573 658 3637 liber
672 3573 774 3636 unicus
788 3572 899 3652 incipit.
912 3602 928 3628 υ
946 3577 1114 3656 Sequuntur
1131 3573 1227 3636 Sabini
1242 3573 1398 3655 Epistola,

330 3674 395 3735 libri
413 3675 572 3748 Amorum,
591 3674 626 3735 de
644 3675 717 3735 Arte
742 3672 887 3744 Amandi,
912 3673 947 3733 de
962 3674 1101 3735 Remedio
1117 3673 1253 3746 Amoris,
1278 3674 1309 3733 in
1324 3672 1397 3735 Ibin.

330 3776 407 3836 Tum
424 3775 511 3836 tertio
529 3774 607 3857 quasi
621 3773 767 3837 volumine
781 3774 968 3837 eontinentur
987 3774 1082 3848 Fasti,
1102 3773 1166 3834 libri
1183 3773 1348 3845 Tristium,
1364 3774 1399 3834 de

326 3879 442 3949 Ponto,
459 3876 494 3937 de
512 3875 626 3948 Paelice,
642 3874 677 3936 de
690 3874 863 3949 Philomela,
878 3876 913 3937 de
923 3875 1111 3937 Medicamine
1126 3874 1222 3948 faciei,
1241 3874 1276 3936 de
1290 3876 1396 3949 Nuce,

326 3988 356 4039 et
378 3975 545 4037 Consolatio
570 3974 606 4035 ad
631 3973 748 4035 Liviam.
771 3974 905 4055 Denique
930 3975 1031 4033 Mauri
1053 3974 1152 4051 ilgerii
1166 3975 1323 4033 Mentesani
1337 3996 1347 4032 .·
1363 3974 1397 4033 de

328 4073 437 4136 Anima
466 4071 561 4131 Ovidii
580 4090 644 4151 qua
660 4070 821 4147 migraverit
838 4071 868 4128 in
891 4069 1037 4129 Valerium
1053 4071 1245 4152 Superebium.
1267 4072 1303 4129 ln
1319 4068 1396 4130 line:

329 4199 344 4226 u
362 4171 458 4233 Publii
473 4169 572 4233 Ouidii
586 4168 709 4231 Nasonis
731 4189 817 4250 opera
831 4168 1037 4230 Luc-Antonii
1058 4168 1216 4231 Florentini
1239 4166 1364 4249 impensa
1379 4187 1394 4225 a

324 4272 441 4333 Matheo
454 4270 575 4349 Capotsa
585 4270 737 4332 Parmense
750 4269 956 4331 accuratissime
972 4268 1124 4345 impressa,
1136 4280 1191 4330 ete.
1205 4295 1219 4321 n
1232 4278 1267 4327 ut
1278 4265 1309 4326 in
1320 4265 1393 4326 ealce
