3159 5134
268 606 271 617 ,
363 527 405 611 aa
748 526 1040 596 excursus

363 667 587 770 philosophie
609 668 717 745 omnis
738 673 893 767 ἀφροδίτην
911 674 958 740 καί
976 681 1081 765 χάριτα
1101 693 1218 739 vocare
1241 692 1312 738 nou
1338 663 1438 737 dubi·

269 871 273 879 .
365 783 464 871 tavit,
483 784 643 884 cujusque
657 784 879 861 eruditionem
896 786 1016 859 Petrus
1030 780 1181 857 Nanuius
1198 781 1297 853 initio
1314 778 1374 853 lib.
1392 781 1436 867 V,

351 898 539 971 <Melatton
555 899 683 995 magnis
694 898 851 975 laudibus
868 898 1016 986 extollit,
1035 897 1101 971 boc
1116 894 1314 997 opusculum
1327 912 1439 969 extre-

363 1013 427 1087 mis
436 1012 550 1108 digitis
561 1015 681 1111 attigit.
694 1016 824 1092 Deinde
841 1017 988 1091 Jacobus
1001 1012 1157 1117 Micyllus
1167 1011 1438 1109 Argentiuensis,

366 1149 520 1205 accurato
537 1132 588 1206 vir
604 1134 756 1228 ingenio,
776 1134 903 1236 aliquas
918 1133 1166 1208 observationes
1184 1130 1335 1217 addidit,
1356 1132 1440 1232 qni-

363 1247 429 1321 bus
454 1276 523 1322 non
549 1250 746 1325 mediocrem
765 1251 895 1326 laudeni
917 1253 1046 1326 meruit.
1077 1252 1143 1325 llic
1169 1248 1297 1350 Micylli
1315 1276 1441 1322 nomen

365 1368 517 1456 retinuit,
536 1369 628 1471 quod
645 1398 729 1470 puer
745 1371 827 1445 scite
844 1399 1020 1473 personam
1036 1371 1159 1467 egisset
1175 1367 1320 1469 Micylli,
1337 1367 1442 1444 nnius

366 1514 405 1559 ex
422 1486 717 1564 interlocutoribus
728 1491 765 1563 in
779 1489 912 1585 dialogo
929 1490 1085 1577 Luciani,
1104 1489 1160 1589 qni
1175 1475 1295 1587 ὁνειρος
1312 1496 1331 1567 ἡ
1346 1473 1442 1563 dies·

364 1609 458 1700 τρυὼν
470 1604 680 1678 inscribitur:
694 1604 935 1679 ovidianorum
949 1623 1060 1679 autem
1074 1633 1212 1705 operum
1229 1605 1442 1683 mensione,

367 1737 400 1794 et
421 1719 520 1794 variis
542 1718 681 1793 Luciani
706 1719 807 1794 latine
833 1721 1003 1821 redditis,
1026 1739 1097 1796 tum
1114 1722 1229 1823 poesi,
1258 1739 1290 1793 et
1305 1720 1442 1795 duobus

369 1834 590 1909 arithmetices
613 1834 773 1929 logistica
799 1833 910 1922 libris,
932 1835 1091 1936 exemplis
1104 1836 1283 1911 admodum
1300 1834 1444 1909 utilibus

352 1952 558 2039 illustratis,
576 1954 721 2027 nominis
737 1953 789 2027 sui
802 1953 901 2028 decus
915 1953 956 2028 ad
970 1973 1122 2055 posteros
1133 1954 1340 2063 propagavit.
1357 1953 1444 2027 llei-

369 2067 531 2165 delbergae
550 2068 636 2143 obiit
653 2097 741 2142 anno
766 2067 881 2155 1558,
904 2064 1027 2142 relictis
1052 2068 1188 2143 duobus
1202 2067 1280 2142 liliis
1297 2067 1443 2168 disparis

370 2185 470 2259 sortis
481 2215 489 2259 :
501 2186 523 2257 J
525 2184 612 2259 nlius
622 2185 708 2259 enini
720 2183 931 2258 cancellarius
946 2180 1010 2259 luit
1019 2184 1197 2273 Ludovici,
1211 2182 1364 2259 electoris
1380 2183 1445 2256 Pa·

371 2298 486 2383 litini3
506 2297 587 2372 alter
605 2327 682 2373 vero
699 2298 807 2372 sartor
823 2315 893 2374 erat
908 2298 1208 2395 Heidelbergensis.
1236 2300 1323 2372 Tum
1337 2297 1445 2370 Fran-

371 2413 479 2487 ciscus
495 2413 647 2487 Sanctius
661 2416 837 2488 Brocensis
849 2415 927 2489 hnic
941 2416 1062 2489 chartae
1072 2411 1254 2516 impalluit,
1270 2431 1303 2488 et
1316 2411 1445 2514 aliquid

370 2530 407 2601 in
425 2557 495 2601 eam
511 2556 581 2602 non
597 2530 690 2631 parvi
707 2531 866 2605 momenti
883 2530 1034 2606 contulit.
1050 2524 1270 2606 decesserunt
1288 2528 1444 2624 Gregorii

372 2646 585 2734 Bersmauni,
599 2647 812 2722 Constantini
828 2649 1003 2735 Fanensis,
1014 2666 1046 2721 et
1062 2649 1214 2722 Herculis
1226 2646 1356 2722 Ciolani
1368 2643 1447 2720 Sul·

373 2766 542 2839 monensis
560 2765 702 2852 sobolia;
720 2764 844 2867 eosque
862 2783 994 2840 secutus
1010 2783 1061 2839 est
1077 2764 1224 2839 Didacus
1238 2764 1350 2839 Mexia
1363 2763 1448 2836 llis-

374 2880 540 2983 palensis,
569 2881 627 2980 qui
647 2881 736 2982 apud
760 2883 953 2956 Mexicanos
981 2882 1084 2957 Indos
1107 2878 1172 2956 hoc
1199 2880 1388 2983 poematiou
1412 2879 1446 2952 iu

374 2998 558 3098 Hispanam
582 2996 729 3095 linguam
753 2998 920 3086 traduxit,
944 3016 978 3072 ct
1000 2998 1232 3072 annotationes
1256 2996 1449 3071 vernaculas

375 3112 512 3211 adjecit,
531 3110 637 3185 editas
656 3111 787 3212 llispali
809 3140 896 3187 anuo
920 3112 1034 3201 1608,
1062 3142 1145 3214 quas
1166 3112 1364 3187 humanitati
1390 3111 1450 3185 de·

376 3229 494 3303 bernus
506 3227 950 3314 Jacobilllantelli,homiuis
960 3231 1122 3333 exquisita
1132 3230 1450 3306 doctrinavidimus

380 3364 414 3420 et
430 3374 504 3446 qnae
527 3348 673 3420 loannes
697 3347 896 3445 Grejouins,
917 3336 1063 3451 itemque
1087 3351 1236 3426 lacobus
1259 3348 1449 3424 Andrevius

380 3463 539 3552 Lutetia,
560 3490 682 3557 magno
698 3461 936 3563 discipulorum
960 3464 1098 3566 plausu,
1117 3465 1257 3539 dictasse
1275 3464 1448 3551 feruutur3

379 3577 435 3651 hic
449 3605 537 3651 auno
560 3576 674 3672 1584,
698 3577 752 3651 ille
775 3580 861 3679 ¹57¹
891 3610 899 3652 :
918 3581 1027 3655 sedin
1047 3581 1114 3656 illis
1131 3608 1240 3655 merus
1257 3580 1448 3665 Domitius,

380 3712 536 3796 preterea
543 3694 636 3769 nibil.
651 3697 825 3771 Postremo
833 3696 984 3771 Valerius
993 3698 1142 3772 Andreas
1150 3698 1332 3784 Desselius,
1343 3696 1451 3798 pluri-

380 3838 434 3885 ma
443 3809 583 3885 lectione
593 3812 764 3899 exercitus,
771 3813 1068 3914 uonpoeniteudam
1076 3800 1208 3915 operam
1217 3814 1251 3887 iu
1261 3815 1322 3888 bac
1331 3813 1451 3913 Sparta

383 3927 528 4001 ornanda
546 3926 736 4015 collocavit,
755 3928 854 4003 oditis
874 3958 960 4004 auno
987 3929 1078 4002 1618
1100 3930 1324 4033 locupletibus
1347 3929 1449 4002 notis.

381 4044 451 4117 Nec
472 4044 542 4118 sine
564 4043 696 4145 piaculo
711 4063 900 4145 preteream
918 4047 1102 4122 Antonium
1119 4051 1261 4121 Urceum
1281 4044 1450 4133 Codrum,

381 4160 503 4233 lanum
520 4159 753 4249 Parrhasium,
776 4162 940 4257 Angelum
959 4163 1181 4251 Politianum,
1199 4164 1366 4238 Andream
1388 4159 1450 4234 At·

383 4278 523 4367 ciatum,
537 4280 722 4379 baptistam
735 4279 853 4367 Pium,
870 4281 1010 4357 Paulum
1023 4283 1250 4384 leopardum,
1267 4280 1452 4355 Adrianum
