3159 5134
390 521 448 585 128
715 520 753 583 Ρ.
788 518 965 598 Qvloll
1001 518 1128 585 VITA

547 681 601 735 Seu
614 680 729 750 trepidos
740 681 772 735 ad
786 682 845 750 jura
856 685 941 736 deceni
952 682 1015 736 citat
1024 680 1098 736 hasta
1108 686 1233 742 aarum,

548 771 582 824 Et
594 771 699 825 fimare
712 772 786 839 jubet
798 773 993 840 centeuojndice
1003 791 1100 828 caman

386 912 584 986 Eornmdcru
610 913 682 1012 jura
701 914 811 988 Caesar
826 915 999 1010 Augustus
1016 915 1121 1000 auxit,
1137 915 1260 1015 quippe
1278 914 1354 1015 qui,
1370 944 1453 990 nar-

384 1044 477 1103 rante
494 1027 654 1102 Suetonio
676 1037 707 1116 ¹,
723 1047 840 1102 auctor
853 1029 937 1117 fuit,
953 1030 1192 1104 centumuiralem
1204 1028 1340 1115 hortatu,
1357 1059 1453 1131 quom

383 1144 645 1248 quostnmsuncti
655 1161 864 1219 consueverant
877 1174 998 1248 cogere,
1022 1148 1181 1222 &conciri
1193 1164 1336 1248 cogerent.

434 1264 474 1339 (ΣΙ
500 1294 576 1339 vcro
596 1265 743 1339 Graevius
760 1274 772 1301 ²
790 1263 974 1350 affirmans,
992 1264 1194 1350 boemones,
1216 1292 1282 1337 non
1299 1293 1393 1339 scens
1410 1293 1452 1340 ac

384 1410 498 1455 omncs
508 1380 635 1481 judices
646 1399 678 1454 ct
687 1380 925 1465 centumviros,
930 1380 1025 1472 [aare
1028 1379 1182 1479 privatos,
1200 1377 1258 1452 hoc
1269 1393 1331 1464 est,
1347 1380 1452 1454 nultos

383 1499 592 1598 magistratus,
608 1496 672 1569 sine
683 1497 808 1595 roperto
821 1509 852 1567 et
857 1508 1028 1593 potestate,
1057 1494 1235 1568 revincitur
1250 1492 1300 1568 vei
1316 1523 1355 1569 ex
1373 1496 1451 1570 solo

383 1613 562 1716 Pomponii
577 1611 651 1686 loco
667 1612 732 1711 jam
748 1608 898 1711 prolato,
915 1608 974 1682 ubi
990 1607 1111 1683 diserte
1131 1631 1153 1684 x
1171 1610 1295 1684 viratus
1312 1629 1452 1687 vocatur

383 1731 583 1832 magistratus.
604 1731 703 1802 Hunc
722 1753 919 1827 omnemque
930 1710 1188 1822 vigintiviratimr
1203 1728 1238 1802 in
1252 1748 1384 1805 senatus
1396 1760 1451 1805 ar-

384 1849 486 1922 bitrio
504 1845 566 1921 sub
582 1845 720 1920 Tiberio
735 1844 857 1931 fuisse,
878 1844 976 1917 docet
992 1844 1128 1919 Tacitus
1148 1843 1172 1933 ³,
1190 1875 1291 1947 quurn
1310 1848 1449 1936 scribit,

384 1996 457 2043 curn
474 1993 492 2038 a
511 1961 663 2064 patribus
684 1958 921 2061 postulavisse,
939 1977 978 2034 ut
996 1963 1109 2047 Nero,
1137 1962 1321 2036 Germanici
1334 1962 1448 2052 titius,

381 2109 502 2158 munere
522 2075 697 2179 capessendi
709 2075 929 2175 vigintiviratus
944 2076 1114 2150 solveretur.
1140 2076 1273 2153 Scilicet
1289 2080 1447 2182 princeps

381 2198 438 2273 illc
455 2195 565 2272 statim
581 2208 661 2293 post
677 2189 822 2283 Augusti
838 2189 966 2264 obitum
980 2189 1034 2290 jus
1050 2189 1192 2286 eligendi
1204 2193 1415 2289 magistratus
1426 2225 1448 2270 a

381 2310 511 2419 populo
527 2309 568 2384 ad
585 2323 733 2381 senatum
750 2323 945 2393 removerat,
961 2321 999 2379 ut
1011 2322 1086 2380 ante
1098 2307 1234 2381 Tacitus
1250 2306 1262 2355 ⁴
1278 2311 1445 2386 narravit:

386 2466 404 2497 «
423 2429 510 2501 Tum
524 2422 668 2525 primurn
685 2447 702 2493 c
720 2447 837 2520 campo
853 2420 987 2494 comitia
1001 2418 1042 2492 ad
1054 2437 1163 2521 patres
1176 2423 1332 2498 translata
1344 2444 1445 2515 snut;

384 2579 403 2611 »
423 2537 548 2616 uamad
559 2534 744 2621 cumdium,
761 2534 824 2608 etsi
833 2532 1004 2635 potissima
1012 2534 1150 2608 arbitrio
1165 2536 1342 2639 principis,
1354 2568 1449 2641 quar-

384 2694 402 2727 »
422 2659 497 2732 dam
514 2671 627 2727 tamen
642 2648 762 2723 studiis
777 2648 924 2723 tribuum
939 2648 1077 2739 fiebant,
1095 2668 1156 2725 ctc.
1175 2684 1191 2716 n

431 2773 534 2848 Aliud
545 2784 695 2870 superest
706 2766 919 2840 decernn'rrtus
930 2766 1156 2867 privilegium,
1171 2768 1260 2869 quod
1272 2769 1445 2846 hictarius

380 2888 600 2968 enarrandum
617 2883 727 2968 venit,
751 2910 855 2982 quum
873 2882 915 2955 ab
933 2883 1056 2957 Ovidio
1073 2883 1117 2957 sit
1130 2882 1325 2974 indicatum,
1342 2904 1444 2987 atque

381 3007 423 3082 ad
440 3005 510 3103 ejus
526 3001 686 3075 honorcm
704 3014 845 3098 spectet,
863 3024 924 3070 ncc
940 2998 1019 3072 satis
1035 2998 1207 3099 hucusque
1220 2998 1328 3072 doctis
1342 3000 1446 3074 iuter»

379 3124 531 3228 pretibns
545 3115 746 3192 intellectum
760 3114 870 3189 fauerit
889 3117 942 3189 En
957 3115 1102 3216 primurn
1115 3116 1187 3218 ipsa
1200 3137 1307 3218 poctae
1322 3120 1442 3209 verba,

379 3241 467 3312 Fast.
488 3235 547 3309 tib.
563 3235 622 3320 lt,
639 3257 720 3304 vers.
740 3226 924 3329 377-382:

542 3410 628 3461 Tertor
639 3404 682 3458 lux
696 3405 707 3469 (
714 3402 841 3470 memini)
853 3405 923 3456 ludis
935 3411 992 3456 crat
1003 3420 1009 3454 z
1020 3413 1046 3456 at
1056 3400 1120 3455 mihi
1132 3402 1239 3472 quidam

572 3496 707 3568 Spectanti
719 3495 821 3561 senior,
835 3495 1024 3564 contiguumque
1036 3493 1093 3547 ioco
1100 3533 1108 3561 ,

540 3585 620 3650 Huc,
633 3583 685 3649 ait,
699 3581 741 3636 itta
753 3581 822 3647 dics,
836 3580 937 3652 Libycis
948 3599 1000 3650 qna
1011 3578 1100 3640 Cesar
1111 3581 1138 3633 in
1150 3580 1202 3635 oris

574 3673 679 3728 Perfida
691 3670 853 3743 magnanimi
864 3669 985 3724 contudit
997 3689 1070 3723 arma
1081 3672 1161 3724 suta.

540 3765 601 3818 Dux
612 3763 678 3817 mihi
692 3765 856 3823 currerat,
869 3763 917 3815 sub
930 3780 983 3830 quo
996 3762 1121 3818 meruisse
1141 3765 1254 3816 tribunus

570 3855 677 3909 Glorior
689 3874 695 3907 :
708 3853 798 3908 officio
809 3852 911 3924 prefuit
923 3852 965 3909 ille
976 3873 1045 3908 mco.

408 4030 417 4059 ¹
435 4025 468 4079 ln
483 4022 550 4093 Aug.
562 4041 616 4091 cap.
629 4021 669 4075 35.

407 4114 419 4145 ¹
436 4108 515 4165 Praet.
529 4118 591 4162 tom.
602 4107 644 4172 ΙΙ,
657 4105 735 4159 Thes.
752 4104 841 4174 Antiq.
853 4104 932 4159 Rom.

407 4192 419 4227 ³
435 4191 530 4247 Annal.
545 4191 587 4245 lib.
601 4191 654 4257 ΙΙΙ,
664 4209 721 4259 cap.
733 4208 772 4261 ap.

407 4277 419 4313 ⁴
438 4275 532 4331 Annat.
545 4273 588 4328 tib.
602 4273 631 4340 1,
645 4291 699 4340 cap.
713 4275 750 4325 15.
