3159 5134
387 565 449 631 156
701 571 741 634 P.
769 569 956 636 OVIDII
985 569 1120 635 VITA

382 703 511 806 aliaque
524 705 708 805 spectacula
719 707 821 782 inisse
832 708 875 780 ab
885 710 1042 804 Angusto
1057 707 1162 794 edita,
1181 706 1265 781 clare
1276 707 1356 782 satis
1369 708 1451 784 Vel-

384 818 440 893 leii
452 838 625 896 contextus
639 821 782 911 indicat;
796 852 835 897 er
847 853 938 898 more
948 823 1103 898 nimirum
1116 840 1250 924 recepto
1264 823 1298 896 id
1310 824 1451 914 sactum,

384 955 424 1010 ut
447 935 543 1037 plura
567 937 599 1009 id
630 968 734 1033 genus
750 940 1041 1032 'consecrationum
1059 938 1203 1041 exempla
1220 941 1450 1041 comprobant.

387 1055 443 1127 Sic
459 1055 530 1155 ipse
543 1055 717 1151 Augustus
731 1058 766 1130 in
783 1058 902 1132 theatri
914 1057 1063 1132 Marcelli
1080 1056 1282 1132 dedicatione
1298 1057 1387 1131 ludos
1395 1057 1453 1131 de-

386 1169 456 1254 dit;
474 1173 750 1272 quemadmodum
771 1193 805 1248 et
823 1174 922 1277 paulo
940 1194 1014 1250 ante
1028 1175 1156 1249 Balbus
1182 1203 1278 1249 suum
1297 1172 1453 1248 dedicans

385 1285 550 1360 theatrum
565 1277 737 1386 spectaculo
754 1288 967 1376 exhibuerat,
984 1306 1135 1364 narrante
1148 1289 1258 1362 Dione
1275 1297 1297 1360 ¹.

436 1401 625 1477 Clarissime
637 1434 713 1479 vero
729 1404 860 1479 Ontihs
871 1404 1052 1501 significat,
1067 1403 1165 1478 ludos
1178 1403 1458 1506 solemnesMnrti

389 1546 520 1606 sacros,
538 1538 571 1592 et
586 1520 718 1621 quidem
733 1523 778 1594 ob
797 1521 957 1623 templum
970 1522 1012 1594 ab
1029 1523 1183 1616 Angusto
1198 1522 1232 1592 in
1246 1549 1307 1595 sno
1318 1519 1407 1593 Foro
1425 1519 1456 1592 ei

390 1650 635 1723 constructum,
656 1653 694 1706 tv
713 1638 802 1709 lons
818 1638 938 1709 Mttts
951 1636 986 1708 in
1000 1636 1089 1708 circo
1104 1634 1285 1708 celebratos
1298 1663 1388 1721 esse,
1404 1635 1455 1708 nti

387 1746 451 1844 jam
467 1747 549 1822 alibi
569 1760 581 1788 ²
602 1750 699 1824 nobis
716 1751 936 1825 observatum.
966 1753 1141 1825 Fastorum
1164 1751 1251 1824 enim
1269 1748 1331 1824 lib.
1352 1753 1396 1839 V,
1412 1748 1455 1822 ad

369 1893 464 1986 leum
482 1867 569 1942 diem
586 1872 710 1944 Noster
726 1869 815 1943 canit
833 1897 853 1941 a
871 1896 954 1941 vers.
975 1866 1069 1940 550:

584 2027 668 2080 Maus
679 2026 768 2089 venit;
781 2036 809 2079 et
821 2024 930 2079 veniens
942 2024 1032 2078 belhen
1045 2024 1117 2095 signa
1128 2022 1208 2077 dedit

552 2117 653 2171 Umor
665 2115 697 2169 ad
709 2117 763 2185 ipse
773 2134 835 2168 suos
845 2114 908 2168 coto
919 2114 1054 2169 deseendit
1065 2130 1209 2182 nonnus,

584 2208 746 2276 Templaque
758 2207 786 2260 in
797 2207 912 2275 Augusto
922 2206 1177 2278 conspiciendasom.

552 2297 587 2350 Et
597 2297 670 2350 Deus
683 2308 721 2350 est
737 2297 845 2366 ingens,
858 2307 885 2349 et
896 2317 962 2368 opus
972 2317 978 2350 :
988 2297 1099 2350 debebat
1112 2296 1139 2349 in
1154 2296 1218 2350 urhe

583 2389 643 2442 Non
660 2387 734 2441 aliter
744 2389 799 2441 nati
811 2390 884 2442 Mars
895 2387 1012 2442 habitare
1022 2389 1062 2442 sui
1073 2428 1081 2456 ,
1097 2398 1145 2441 etc.

390 2522 517 2595 Deinde
535 2552 636 2623 quum
661 2521 809 2624 templi³
836 2542 1028 2597 ornamenta
1044 2525 1116 2597 snse
1139 2521 1327 2624 complexus
1351 2539 1454 2608 esset,

392 2654 676 2738 enumerassetque
693 2666 783 2711 arma
808 2655 842 2711 et
863 2637 969 2739 spolia
988 2637 1028 2710 de
1047 2637 1202 2710 hostibus
1220 2653 1336 2737 capta,
1361 2633 1458 2708 affixa

391 2754 564 2855 postibus,
582 2773 680 2856 atque
697 2756 891 2857 explicasset
906 2755 994 2829 unde
1011 2759 1105 2829 Mars
1128 2782 1312 2850 cognomen
1341 2753 1459 2826 Ultoris

391 2868 563 2958 hahuerit,
588 2898 711 2971 ctrrqne
740 2870 899 2972 templum
919 2870 1024 2944 eidem
1049 2868 1085 2941 in
1109 2867 1253 2965 Augusti
1275 2867 1348 2941 soro
1373 2893 1458 2940 con-

394 3002 554 3059 structum
567 3016 574 3074 ;
593 2987 682 3087 quod
698 3015 815 3088 nempe
829 2989 921 3060 Mars
933 2989 1088 3082 Augusto
1100 2987 1204 3088 patris
1214 3013 1345 3074 necem,
1361 2988 1460 3061 Cras·

394 3104 488 3205 sique
504 3123 538 3180 et
555 3106 694 3179 Antonii
707 3105 815 3180 clades
827 3106 982 3180 ulciscenti
990 3102 1162 3179 adsuerat⁴
1182 3104 1334 3178 :tandem
1346 3103 1457 3192 addit,

425 3307 433 3335 ¹
452 3303 508 3357 Lib.
521 3304 596 3371 LIV,
607 3325 663 3375 pag.
680 3307 735 3376 539.

422 3396 435 3425 ²
448 3394 512 3447 dani
523 3394 626 3464 Templ.
636 3396 726 3449 Reser.
736 3416 760 3466 p.
773 3397 829 3450 ³23.

421 3483 432 3517 ³
450 3485 514 3552 Ejus
529 3484 630 3555 effigies
647 3487 673 3539 in
688 3488 764 3540 variis
780 3488 892 3558 Augusti
914 3489 1029 3543 nummis
1045 3488 1176 3557 cernitur,
1198 3486 1286 3557 qusles
1302 3485 1461 3555 jamdudum

390 3568 536 3638 complures
559 3570 607 3622 viri
632 3570 702 3624 docti
719 3572 912 3638 exhibuerunt3
932 3573 996 3626 Ant.
1019 3573 1199 3643 Augustinus,
1224 3571 1324 3624 sebast.
1346 3570 1459 3636 Erizso,

392 3650 526 3719 Goltzius,
545 3654 701 3709 Torrentius
715 3654 747 3709 ad
766 3656 877 3710 Sueten.
896 3657 966 3728 Aug.
981 3676 1036 3727 cap,
1049 3677 1099 3730 sq,
1117 3655 1219 3726 aliique.
1232 3654 1422 3709 Necrarisunt
1432 3654 1461 3706 in

391 3733 525 3789 hodiernis
543 3755 601 3789 rem
626 3738 800 3806 antiquar-iam
818 3739 960 3793 colentium
980 3738 1117 3803 Cirneliis,
1142 3736 1286 3809 presertim
1304 3735 1463 3806 Anglioeuis.

391 3820 590 3888 Repraeaentant
602 3820 723 3874 nonnulli
737 3822 866 3892 ternplum
886 3822 912 3876 in
931 3823 1035 3893 fastigio
1050 3822 1198 3876 rotundum
1217 3840 1260 3875 sex
1276 3820 1463 3875 columnarum

391 3923 452 3958 cnm
461 3904 543 3959 trihus
554 3906 633 3974 signis
646 3905 815 3972 militaribus,
829 3906 908 3961 achis
919 3906 1052 3961 hincinde
1065 3906 1151 3960 verbis
1164 3925 1172 3963 t
1184 3919 1254 3959 usn.
1266 3921 1329 3958 ort.
1341 3903 1465 3957 Aliorum

393 3988 496 4043 Postica
508 3989 625 4044 Martem
636 3991 740 4045 exhibet
750 3992 915 4046 cernendum
927 3992 955 4045 in
966 3990 1056 4045 medio
1068 3991 1158 4060 templi
1178 4000 1291 4059 quatuor
1308 3987 1366 4040 coll.
1382 3997 1463 4040 stan-

391 4083 463 4141 tem,
482 4073 571 4129 dertra
583 4079 688 4146 signum
702 4076 826 4146 legionis,
843 4078 948 4132 sinistra
964 4079 1069 4148 signnm
1088 4075 1157 4131 aliud
1176 4074 1289 4129 militare
1304 4071 1360 4127 sine
1378 4070 1464 4142 aquila

394 4168 548 4224 tenentem,
560 4162 587 4214 in
602 4162 656 4214 imo
673 4177 762 4216 nanu.
776 4179 840 4216 utu.
1386 4157 1389 4164 ¹

424 4253 436 4289 ⁴
454 4254 529 4305 Vers.
548 4253 597 4324 569
612 4272 659 4322 sqq
673 4272 703 4306 ea
717 4254 901 4324 prosequitur:
915 4275 929 4301 α
941 4251 1228 4321 Voverathocjuvenis
1240 4260 1319 4316 tunc,
1330 4265 1413 4318 quum
1423 4245 1467 4317 pia

393 4334 503 4390 sustulit
516 4354 606 4404 arma,
618 4347 667 4392 etc.
690 4338 794 4405 Templa
810 4336 896 4406 feres,
915 4346 943 4392 et
953 4355 997 4390 me
1012 4336 1110 4391 victore
1121 4332 1252 4389 vocaberis
1266 4333 1341 4386 Ultor
1349 4340 1399 4385 etc.
1409 4328 1467 4384 Nec
