3159 5134
382 546 427 631 98
714 543 752 605 r.
783 538 1127 609 ov1n11v1ro

382 699 415 755 et
429 679 591 754 Tristium
606 677 664 752 lib.
683 681 739 766 ΙΙ,
757 708 840 755 vers.
861 675 878 752 'r
890 705 952 767 10,
970 678 1127 752 dedomo
1144 706 1225 753 sua:

577 844 662 896 Parva
674 842 781 912 quidem
794 842 885 913 periit,
902 842 948 896 sed
957 843 1014 896 sine
1027 828 1083 895 labe
1094 880 1102 908 ,
1115 839 1217 896 domus.

544 933 588 988 Sic
600 952 706 1003 quoque
720 953 800 1003 parra
815 944 914 1000 tamen,
922 938 1008 1001 patrib
1018 932 1122 989 dicatur
1132 944 1162 988 ut
1174 953 1230 989 asro

579 1023 692 1091 Cetus,
704 1044 755 1080 nee
768 1024 845 1106 ullius
855 1028 987 1080 robilr'late
997 1025 1101 1094 minor,
1114 1036 1164 1082 etc.

379 1161 520 1262 denique
538 1160 599 1235 lib.
616 1163 664 1234 lv
681 1190 720 1235 er
737 1161 868 1250 Ponto,
886 1159 981 1257 Eleg,
1000 1180 1090 1249 vul,
1106 1189 1189 1236 vers.
1212 1188 1253 1262 17
1272 1180 1306 1236 et
1327 1162 1396 1238 18:

544 1325 598 1378 Seu
608 1343 687 1393 genus
698 1325 824 1391 excutias,
836 1329 945 1393 epodos,
963 1323 995 1378 ab
1005 1322 1106 1394 origine
1119 1325 1217 1393 prima,

577 1415 670 1485 Usque
681 1434 728 1486 per
737 1420 880 1469 thntmems
891 1414 1060 1470 inveniemur
1070 1434 1140 1469 aros.

377 1552 501 1655 quibus
516 1552 625 1655 palam
642 1570 709 1640 est,
727 1556 895 1629 Nasonem
911 1570 1064 1629 nostmm
1090 1582 1159 1627 non
1183 1552 1286 1627 modo
1310 1557 1454 1658 equestris

374 1668 478 1743 luisse
495 1668 640 1757 ordinis,
659 1669 717 1745 sed
734 1688 766 1744 et
779 1699 820 1745 ex
835 1669 923 1758 illis,
942 1670 1000 1772 qui
1015 1670 1060 1744 ob
1074 1670 1205 1767 generis
1221 1670 1451 1772 antiquitatem

377 1786 458 1862 dicti
473 1787 628 1861 videntur
644 1788 772 1888 equites
788 1786 944 1888 splendidi
951 1845 960 1872 ,
981 1786 1120 1886 speciosi,
1139 1787 1272 1861 illustres
1289 1797 1310 1875 ¹,
1324 1788 1373 1862 uti
1383 1789 1451 1889 jam

374 1906 411 1979 in
428 1907 559 1980 Horatii
584 1906 662 1980 Vita
681 1915 694 1943 ²
712 1906 919 1993 notavimus,
938 1903 1037 1979 simul
1053 1933 1091 1978 er
1115 1923 1234 1981 nostro
1256 1925 1448 1997 monentes,
1491 1947 1497 1956 “

372 2021 474 2095 hosce
491 2018 633 2094 multum
650 2017 723 2093 aliis
738 2020 882 2093 fortunae
895 2047 952 2093 seu
965 2017 1090 2093 militiae
1099 2047 1235 2094 munere
1247 2021 1341 2095 lactis
1353 2025 1450 2124 equi·
1491 2043 1495 2050 '

375 2138 469 2213 tibus
495 2134 724 2237 praecelluisse.
753 2136 850 2209 Unde
867 2154 937 2224 est,
956 2134 1049 2237 quod
1067 2135 1209 2220 Ovidius
1227 2133 1261 2211 in
1278 2137 1447 2213 mulierem

373 2253 566 2341 invehitur,
585 2281 659 2354 quae
673 2252 775 2326 alium
791 2251 909 2328 militia
925 2281 1033 2354 nuper
1048 2252 1089 2327 ad
1100 2272 1284 2356 equestrem
1297 2254 1446 2329 ordinem

372 2386 565 2470 promotum
591 2368 658 2470 ipsi
680 2367 890 2468 praetulerat,
918 2372 1033 2443 Amor.
1054 2367 1112 2443 lib.
1138 2372 1208 2458 lli,
1232 2369 1325 2467 Eleg.
1352 2390 1444 2454 vlll,

373 2514 457 2561 vers.
476 2513 499 2585 9
515 2503 549 2559 et
564 2511 652 2586 sqq:
813 2485 818 2494 '

536 2650 605 2706 Ecce
615 2671 702 2705 recens
712 2653 797 2711 does,
817 2662 893 2722 parto
904 2671 953 2722 per
963 2657 1067 2706 salucra
1079 2670 1175 2718 censu,

570 2743 718 2800 Prtiertur
728 2744 804 2799 nobis
815 2745 942 2815 sauguine
952 2755 1040 2815 pastus
1051 2764 1140 2814 eques,
1152 2754 1201 2798 ete.

375 2908 447 2981 quae
469 2907 546 2953 vero
571 2878 613 2953 ad
635 2878 724 2953 huuc
750 2878 902 2953 ordinem
919 2879 1113 2980 spectabant
1127 2878 1250 2978 juraet
1268 2878 1445 2966 instituta,

371 2998 485 3100 plures
502 2995 514 3035 ³
532 2998 598 3098 jam
616 2996 820 3086 docuerunt,
840 3024 901 3070 uec
917 2997 1016 3096 hujus
1035 3016 1085 3071 est
1097 2995 1162 3072 loci
1178 3025 1246 3070 rem
1259 2999 1446 3073 accuratius

373 3115 547 3190 discutere.

421 3236 480 3307 Vl.
501 3235 600 3307 Pater
616 3250 650 3305 et
665 3248 770 3305 mater
786 3230 894 3305 adhuc
916 3231 952 3304 in
968 3232 1052 3306 rivis
1068 3250 1179 3336 erant,
1205 3260 1307 3334 quum
1327 3252 1447 3310 noster

373 3331 530 3425 sdsiberet
555 3350 669 3422 Amor.
699 3346 758 3420 lib.
783 3350 819 3437 l,
843 3346 936 3444 Eleg.
954 3365 1007 3424 111.
1026 3346 1113 3448 (vid.
1132 3347 1218 3426 inira
1238 3377 1315 3424 ann.
1339 3352 1383 3424 U.
1402 3353 1440 3427 C.

373 3461 784 3560 nocrxxrv,n.3.)1tee
804 3482 944 3541 mortem
967 3461 1032 3541 nisi
1054 3482 1150 3541 atate
1168 3485 1324 3567 provecta
1348 3468 1442 3545 obie·
1475 3529 1480 3538 .

373 3601 471 3673 runt,
488 3581 583 3684 prior
592 3580 648 3657 ille
656 3583 720 3682 jam
731 3583 992 3676 nonagenarius,
1007 3599 1087 3683 post
1101 3602 1223 3670 mater,
1242 3602 1340 3685 atque
1352 3602 1443 3661 uter-

375 3728 439 3801 que
453 3718 530 3773 ante
542 3698 603 3774 filii
617 3698 789 3802 exsilium:
805 3699 907 3774 Trist.
926 3698 985 3772 lib.
1004 3697 1169 3796 1V‚Eteg.
1186 3720 1229 3788 Χ,
1246 3728 1329 3774 vers.
1348 3727 1390 3801 77
1409 3731 1417 3775 ε

409 3904 417 3934 ¹
435 3900 477 3954 De
492 3900 585 3969 quibus
596 3899 723 3954 nonnulla
734 3910 809 3953 notat
821 3897 921 3970 Lipsius
933 3897 964 3953 ad
977 3897 1061 3953 Tacit.
1075 3898 1172 3952 Annal.
1190 3898 1248 3965 XI,
1267 3918 1322 3969 cap.
1338 3901 1368 3966 4,
1384 3917 1444 3969 quae

375 3983 450 4038 nobis
462 4002 517 4037 non
529 3984 648 4053 placent,
660 3983 705 4038 sed
717 3982 854 4038 confutare
867 4002 915 4053 per
929 3994 1051 4038 nostrum
1063 4001 1117 4036 non
1129 3982 1189 4037 lieet
1199 3981 1356 4036 institutum.

405 4070 418 4101 ²
434 4069 497 4139 Pag.
512 4071 595 4135 utet
605 4088 658 4138 seq.

407 4148 419 4184 ⁸
435 4149 497 4204 Vid.
511 4150 603 4204 Rosin.
617 4149 746 4219 Antiquit.
759 4148 802 4202 lib.
815 4149 843 4216 1,
856 4169 912 4219 cap.
924 4169 967 4219 ¹7³
982 4151 1061 4206 doun,
1074 4152 1175 4206 Anton.
1185 4150 1347 4218 valuimus,
1360 4149 1393 4205 de
1402 4150 1443 4206 Re

377 4232 454 4287 milit.
465 4233 509 4287 lib.
523 4233 584 4299 ΙΙΙ,
602 4252 657 4302 sap.
670 4236 705 4300 43
725 4232 793 4302 Lips.
814 4231 847 4286 de
867 4232 946 4286 Milit.
961 4234 1041 4287 Rom.
1063 4233 1105 4289 lib.
1122 4232 1190 4288 Dial.
1204 4235 1247 4297 V;
1267 4233 1394 4288 Alexand.
1411 4234 1445 4287 ab

376 4317 541 4384 Alexandro,
554 4317 596 4371 lm.
613 4317 656 4384 11,
669 4336 724 4386 cap.
736 4337 782 4388 29,
795 4335 856 4372 cum
868 4316 1083 4386 Tim-Notou.
