3159 5134
373 510 440 594 ale
728 514 1093 584 DlSSERTATIO

369 672 460 715 sarem
476 650 568 715 habet·
585 654 628 714 At
642 656 687 717 hae
702 655 898 735 discrepantiae
915 658 1054 740 variaeque
1069 657 1198 722 virorum
1213 657 1367 721 doctorum
1383 682 1436 723 ex-

368 759 537 839 plicationes
552 760 605 823 luc
616 761 651 823 de
663 783 736 825 voce
750 763 822 823 nihil
836 763 872 824 ad
882 785 942 825 rem
953 775 1080 825 nostram
1093 763 1210 826 fadum.
1227 764 1339 827 Addam
1349 769 1437 829 modo

367 887 414 928 eas
429 869 603 951 conjecturis
618 880 727 931 tanmm
741 869 883 946 suffitltas,
899 893 931 933 ac
942 893 975 933 ex
985 892 1057 933 voce
1070 874 1102 932 in
1113 871 1206 954 lapide
1218 872 1292 933 haud
1307 874 1436 958 integra,

366 974 491 1058 ideoque
504 998 558 1055 pro
568 975 685 1037 arbitrio
703 976 844 1060 suppleta,
861 990 937 1038 natas
953 998 1030 1050 esse,
1047 989 1133 1060 atque
1145 978 1245 1040 melius
1261 979 1435 1054 convenire,

366 1081 392 1144 si
407 1082 533 1164 legamus
550 1082 764 1159 Cnsauunsis,
780 1097 814 1144 ut
832 1084 926 1145 Veidc'i
940 1083 1076 1171 Pollionn
1090 1085 1210 1145 Palma
1226 1084 1278 1147 hac
1293 1108 1367 1148 voce
1388 1087 1435 1145 in-
1455 1162 1457 1165 Υ

367 1186 529 1274 digitctur,
550 1190 668 1251 maxime
683 1213 771 1271 quum
787 1191 819 1250 in
838 1190 972 1251 Nummis
991 1189 1200 1250 Casurensium
1220 1191 1433 1272 quamplurimis

366 1294 497 1382 signetur
505 1295 625 1373 ipsemet
638 1296 668 1358 V
663 1297 753 1356 sidciss
771 1297 872 1357 Pollio.

409 1403 463 1460 lx.
478 1400 562 1461 Alius
578 1413 622 1462 est
640 1400 709 1483 lapis
724 1402 780 1463 hoc
802 1402 869 1464 loco
887 1402 1003 1464 minime
1024 1403 1261 1482 praetereundos,
1279 1403 1329 1486 qui
1345 1427 1434 1487 quum

365 1506 460 1591 plures
477 1506 620 1589 ejusdem,
637 1506 738 1567 sinon
753 1506 824 1582 viri,
839 1508 937 1570 saltem
952 1507 1057 1570 Gentis
1070 1508 1197 1569 Ls'bertos
1212 1521 1368 1583 memoret,
1380 1530 1433 1572 ve-

365 1636 430 1676 rum
440 1612 561 1696 proinde
573 1615 634 1695 ejus
644 1635 812 1692 prenomen
821 1626 851 1675 et
861 1636 986 1689 nomeu,
997 1637 1051 1693 pro
1061 1616 1191 1675 Romana
1202 1615 1432 1689 cousuetudine,

364 1742 419 1781 uos
435 1719 539 1794 docet,
555 1739 715 1801 quanquam
728 1718 866 1779 Pollionis
877 1739 1044 1801 cognomen
1053 1717 1149 1780 adesse
1163 1719 1433 1800 nequissimarum

366 1824 504 1908 quidem,
527 1845 562 1885 ex
582 1826 662 1907 cujus
675 1824 876 1905 orthographia
893 1823 1031 1884 Gmtcms
1049 1824 1290 1902 'inscriptionem
1306 1824 1433 1902 profert,

364 1932 479 2006 locum,
495 1929 545 1991 uhi
559 1928 699 1991 exstiterit
715 1930 861 2004 Marmor,
885 1928 1009 1992 indicare
1031 1929 1175 2014 neglexit3
1200 1930 1252 1992 sed
1267 1930 1303 1991 ad
1317 1930 1432 1992 eandem

366 2029 517 2091 Coloniam
534 2028 761 2088 Beneventanum
778 2025 971 2103 pertinuisse,
988 2027 1108 2088 omuino
1126 2025 1248 2088 videtur.
1268 2027 1318 2087 Sic
1331 2047 1432 2109 nempe

365 2157 396 2197 se
411 2134 513 2197 habet:
530 2136 565 2194 P.
578 2136 718 2195 Verurvs
731 2133 765 2192 P.
781 2134 817 2192 L.
831 2135 1017 2195 Puuocuus
1038 2135 1218 2195 Arcesius.
1232 2137 1430 2196 Bassum.

365 2256 555 2303 nummos.
574 2241 613 2300 D.
630 2241 711 2299 Hoc.
735 2254 970 2301 uouvusnrvu
988 2279 1198 2300 ...........
1219 2255 1342 2302 carmi.
1363 2258 1431 2302 siu.

366 2365 415 2412 ur.
427 2366 503 2410 svis.
520 2324 715 2408 recuruum.
729 2348 983 2408 cvn.P.Vu1n10.
996 2348 1028 2407 P.
1043 2350 1078 2408 L.
1090 2349 1291 2409 Puruonauo.
1308 2364 1431 2410 ruam.

272 2522 276 2531 ,
365 2472 414 2517 nr.
435 2470 551 2516 vanum.
575 2470 694 2518 summ.
710 2453 825 2515 onnn
848 2469 898 2514 er.
919 2455 953 2515 P.
969 2454 1098 2515 Vsm10.
1120 2453 1154 2513 P.
1179 2453 1216 2513 L.
1236 2455 1432 2515 Puruorruo.

365 2569 488 2615 ruerus.
511 2569 561 2615 ur.
582 2556 716 2614 veroin.
733 2553 767 2613 Ρ.
790 2555 826 2613 L.
846 2566 957 2614 tram.
981 2553 1030 2611 En
1051 2564 1152 2634 quater
1172 2552 1275 2615 eodem
1294 2552 1384 2615 molo
1403 2552 1432 2613 id

368 2681 475 2722 nomen
488 2661 626 2721 Vurosvs
646 2659 789 2723 scribitur.
812 2661 876 2721 Nee
890 2658 971 2720 aliter
987 2659 1057 2720 mihi
1077 2659 1204 2720 occurrit
1226 2659 1386 2721 Terracina
1402 2659 1433 2718 in

365 2767 461 2829 medio
478 2767 592 2830 circiter
602 2788 686 2828 muro
702 2767 736 2829 ad
748 2768 865 2829 Portam
873 2768 1046 2839 Romanam,
1060 2766 1109 2828 ubi
1125 2765 1273 2849 perspicue
1286 2764 1343 2849 legi
1353 2766 1433 2825 Vlu-

365 2890 439 2935 mvs
456 2876 494 2951 Q.
516 2876 551 2935 F.
570 2875 687 2935 Vntws
708 2874 747 2949 Q.
763 2876 797 2934 F.
815 2871 939 2955 quarum
964 2884 1064 2934 caetera
1084 2884 1195 2955 tegeret
1209 2870 1290 2931 arbor
1305 2869 1376 2931 ficus
1395 2892 1431 2930 ex

366 3004 450 3046 muro
459 3004 596 3066 surgens,
608 3005 673 3065 quae
687 2981 760 3042 tanti
770 3003 831 3041 uon
845 2978 1034 3054 videbantur,
1051 2992 1085 3040 ut
1099 2979 1259 3063 longiorem
1268 2975 1308 3037 ibi
1317 2997 1427 3039 moram

364 3088 504 3163 hocsem,
519 3087 676 3169 scalamque
691 3086 868 3158 adhiberem
884 3085 950 3149 satis
962 3084 1085 3160 habeus,
1103 3108 1197 3151 reram
1211 3083 1310 3148 exinde
1323 3081 1429 3161 prioris

366 3194 492 3255 nominis
507 3193 674 3272 scripturam
688 3193 861 3256 observasse.

407 3302 446 3362 X.
469 3302 577 3363 Nostra
601 3300 706 3378 pariter
728 3319 824 3361 caussa
843 3299 920 3361 haud
943 3320 1041 3381 parum
1068 3297 1251 3360 confirmauit
1271 3315 1432 3359 marmoreo

367 3408 477 3491 Ephesi
489 3419 685 3469 monumento.
702 3420 714 3444 ²
734 3421 767 3468 u.
782 3403 930 3469 ornulor
945 3417 1187 3480 anasuausos,
1211 3403 1431 3485 protererent

156 3600 163 3613 ·
268 3604 277 3617 .
368 3512 513 3578 ornulos
529 3525 765 3589 summunt,
786 3513 923 3597 quodque
936 3511 1037 3574 Latine
1053 3511 1150 3574 itidem
1168 3521 1228 3572 emt
1243 3508 1428 3587 inscriptum,

368 3735 542 3805 Mortsaucou.
557 3734 613 3790 Pal.
626 3733 675 3790 Gr.
693 3755 718 3806 p.
741 3736 804 3803 162,
823 3745 873 3790 ete.
891 3734 968 3788 Aslde
980 3737 1090 3790 Salmas.
1106 3743 1163 3787 not.
1178 3731 1211 3785 ad
1222 3728 1331 3801 Regillo
1349 3729 1430 3783 Inscr.

368 3840 393 3893 p.
405 3824 455 3896 93,
468 3824 510 3895 94.
524 3822 652 3876 Attamen
671 3818 737 3873 mihi
751 3839 921 3890 nequaqnam
936 3820 1093 3891 persuadere
1110 3835 1233 3888 possum,
1255 3818 1377 3870 &sm
1388 3814 1432 3868 hic

367 3926 424 3962 esse
436 3905 630 3977 supplendum,
645 3916 672 3960 et
686 3904 720 3960 (le
729 3907 800 3960 lulis·
808 3907 917 3960 Ceratis
931 3904 1015 3975 ffgie
1024 3901 1241 3975 intelligendum,
1254 3911 1300 3956 aut
1311 3901 1431 3971 Impera-

367 3990 432 4047 soris
441 3990 513 4044 iuter
523 3989 614 4045 Dtvos
626 3989 701 4063 relati
711 3989 829 4060 effigiem
840 3988 896 4042 filio
907 3988 1058 4044 adhucdum
1068 3986 1139 4042 inter
1150 3985 1274 4047 mortales
1285 3984 1384 4040 virenti
1394 3981 1430 4037 ‹li-

368 4086 452 4132 catam
464 4073 553 4129 fuum.

400 4189 410 4219 ¹
427 4186 609 4257 1nsc.spmt.p.
622 4183 687 4251 333,
701 4203 727 4238 n.
742 4204 765 4253 7.

401 4291 413 4324 ²
428 4284 491 4345 Pil.
503 4288 586 4359 Spou.
596 4287 687 4345 ltiner.
699 4290 732 4345 T.
742 4288 802 4357 lll,
815 4307 840 4358 p.
854 4288 913 4356 133,
930 4287 992 4342 edit.
1004 4286 1088 4358 Lugd.
