3159 5134
396 666 398 671 ,
474 590 572 656 run
596 590 629 655 J.
656 586 887 656 nasson.
1150 548 1231 683 217'

146 752 222 802 men
240 727 410 816 observat,
435 726 592 801 Ovidium
610 726 646 799 in
663 725 825 827 triumphi
841 723 1062 827 descriptione
1077 718 1214 814 canere,
1295 763 1299 769 ·

147 845 331 947 platearum
348 871 429 918 suro
446 842 592 917 silicesre
612 844 721 916 rorutd
735 843 887 916 erubuisse
907 842 982 915 mu's
996 857 1018 915 ¹.
1037 843 1135 916 Unde
1148 842 1216 943 ipsi

145 963 296 1051 videtur,
320 988 448 1034 uernum
472 959 578 1033 saltem
597 960 674 1033 unni
684 975 825 1060 tenpus,
851 960 959 1033 sinon
981 959 1112 1045 uruat,
1141 960 1215 1035 rutis

143 1075 281 1149 rudtrud.
929 1095 933 1105 “

151 1238 154 1241 -
192 1193 319 1264 Verum
347 1202 393 1263 1⁰.
416 1189 500 1263 nihil
519 1207 570 1265 est
587 1216 739 1277 neeesse,
763 1207 803 1263 ut
819 1188 978 1264 Ovidium
1001 1190 1084 1264 adeo
1102 1189 1214 1264 stricte

145 1307 185 1382 de
198 1307 275 1380 rosr‘s
286 1306 391 1407 ipsis,
407 1304 458 1380 vel
472 1307 601 1394 vernis,
612 1304 663 1379 vel
675 1305 814 1394 aestivis,
828 1306 1096 1407 interpretemur3
1111 1335 1213 1407 quum

142 1425 253 1526 possit
264 1423 303 1497 de
309 1420 492 1524 ston‘dusin
508 1450 626 1518 genere
642 1421 800 1518 intelligi,
817 1421 1096 1523 quemadmodum
1107 1422 1211 1499 Trist.

143 1543 200 1616 lib.
221 1545 282 1629 lV,
299 1539 394 1636 Eleg.
413 1557 463 1627 11,
489 1538 530 1613 de
547 1539 757 1640 Triumpho,
777 1567 875 1641 quem
896 1538 936 1613 de
958 1538 1132 1614 Germania
1154 1568 1211 1614 au-

142 1656 343 1751 gurabatur,
360 1682 501 1742 canens,
519 1652 566 1725 ait
581 1680 665 1727 vers.
685 1651 821 1753 ,dp-50:

306 1803 364 1857 llos
374 1820 454 1872 super
464 1801 492 1854 iu
505 1820 598 1868 curru,
613 1800 713 1864 Cesar,
726 1801 826 1856 victore
836 1801 938 1856 veheris

340 1893 493 1962 Purpureus
505 1892 593 1963 populi
606 1893 655 1947 rite
668 1912 772 1962 perora
784 1894 838 1958 tul;
925 1912 931 1924 ⁶

305 1985 418 2056 Quaque
430 1985 492 2052 ibis,
503 1985 625 2039 manibus
637 1985 861 2056 circumplaudere
873 1996 998 2053 tuorum,

336 2076 463 2147 Undique
478 2077 643 2146 jactatofiore
653 2087 757 2147 tegente
769 2068 830 2129 rias.

144 2216 192 2279 2⁰.
214 2206 315 2280 Boset
328 2205 463 2279 luemnt
480 2234 548 2278 non
567 2204 668 2278 modo
691 2233 798 2279 vemae
814 2212 856 2279 'ao
872 2204 1008 2293 aestivae,
1025 2204 1082 2278 sed
1099 2223 1133 2279 et
1147 2205 1206 2311 ly-

33 2410 40 2419 ,
142 2320 260 2406 bemoe,
283 2348 356 2421 quae
373 2319 424 2394 vel
438 2348 477 2394 ex
490 2321 641 2424 AEgypto
655 2319 904 2407 adferebantur,
923 2317 973 2394 vel
987 2316 1023 2395 in
1040 2319 1111 2420 ipsa
1125 2320 1209 2394 urbe

143 2437 247 2511 Roma
260 2435 502 2524 educabantur,
512 2436 562 2510 uti
573 2434 625 2509 vel
638 2465 677 2510 er
687 2437 948 2536 Murtiult'patet,
962 2434 1021 2509 lib.
1035 2437 1094 2525 lv,
1106 2437 1204 2538 Epig.

141 2573 249 2641 nr1x3
268 2552 325 2627 lib.
344 2556 413 2643 vl,
431 2554 530 2656 Epig.
550 2576 659 2642 trux,
676 2572 710 2628 et
725 2552 782 2627 lib.
802 2555 907 2641 Xlll,
925 2552 1024 2654 Epig.
1042 2571 1177 2628 cxxvn.

185 2669 345 2744 Praeterea
355 2667 440 2743 illud
453 2687 701 2765 argumentum,
713 2697 780 2771 quo
798 2667 971 2742 Bucherius
981 2677 993 2706 ²
1003 2669 1075 2768 ipse
1088 2669 1204 2742 trium-

137 2782 196 2883 ‘plri
223 2812 347 2858 annum
370 2783 564 2871 confirmat,
583 2781 672 2861 illam
690 2811 824 2884 quoque
845 2781 908 2856 loci
927 2781 1082 2856 Ovidiuui
1100 2781 1203 2856 inter-

138 2902 354 3003 pretationem
371 2901 537 2977 eonvellit,
557 2937 574 2968 «
597 2902 848 2989 Germanicum,
865 2900 912 2974 ait
928 2898 970 2974 ol.
983 2900 1053 2989 vir,
1070 2899 1203 2974 nonnisi

141 3050 159 3083 a>
176 3033 286 3092 exacto
307 3017 464 3091 consulatu
483 3016 607 3116 (quem
628 3015 752 3091 scilieet
776 3015 843 3090 hor
866 3042 953 3088 anno
981 3013 1140 3110 gerebat)
1165 3013 1201 3087 in

142 3169 159 3201 »
180 3134 320 3211 Galliam
341 3135 588 3210 Germaniamve
609 3132 775 3231 Belgicam
796 3134 838 3210 ab
865 3136 1017 3231 Augusto
1041 3134 1199 3222 missum,

143 3255 303 3331 »adserit
325 3255 506 3331 Suetonius
528 3252 635 3349 Calig.
662 3283 734 3356 rap.
753 3254 785 3326 8.
817 3253 988 3351 Quorsum
1013 3269 1079 3326 tam
1101 3254 1202 3326 sero?

141 3402 158 3433 >a
179 3370 254 3444 Nisi
272 3369 364 3470 quod
382 3386 452 3443 tum
466 3369 610 3470 primum
626 3368 781 3459 Tiberius
800 3396 818 3440 a
838 3366 1011 3441 Germania
1026 3366 1200 3457 rediisset,

141 3517 158 3548 a
176 3485 218 3559 de
233 3486 413 3559 Pannoniis
421 3484 648 3589 Dalmatisque
662 3485 793 3559 demum
804 3484 1054 3585 triumphasset,
1064 3484 1200 3587 ejusque

140 3634 157 3666 n
176 3601 346 3702 triumpho
371 3601 585 3677 Germanicus
610 3619 690 3676 tune
713 3598 830 3675 consul
857 3599 1076 3691 interfuisset,
1095 3621 1158 3678 ete.
1180 3637 1196 3669 u

135 3719 202 3792 Nec
219 3746 297 3793 sane
312 3718 442 3794 videtur
452 3719 607 3794 Tiberius
619 3716 770 3819 potuisse
782 3715 961 3791 exereitum
973 3716 1009 3791 in
1025 3717 1199 3794 Germania

135 3832 320 3909 adhucdum
330 3833 510 3910 rebellante
522 3835 592 3909 sine
604 3834 686 3908 dure
695 3832 891 3936 relinquere,
902 3852 1076 3935 antequam
1085 3839 1197 3938 copias
1276 3846 1278 3853 ’

131 3947 167 4021 in
182 3948 321 4022 hiberna
336 3949 535 4025 deduxisset.

179 4065 327 4138 'landem
344 4093 446 4167 quum
462 4064 605 4140 Ovidius
619 4093 783 4169 nusquam
795 4067 892 4143 istius
905 4066 1066 4168 triumphi
1081 4067 1197 4142 memi-

165 4264 174 4293 ¹
192 4260 249 4314 Lib.
262 4261 288 4315 ll
301 4281 333 4315 ex
344 4263 422 4317 Pont.
435 4263 484 4334 Ep.
497 4280 522 4330 1,
533 4282 600 4318 vers.
611 4263 652 4316 36.

164 4354 177 4384 ²
192 4352 265 4423 Belg.
278 4353 356 4411 Rom.
371 4354 414 4410 lib.
427 4354 468 4410 lll
478 4394 486 4424 ,
498 4374 553 4425 rap.
564 4357 597 4425 3,
609 4354 632 4426 ᾖ
643 4356 667 4410 8.
