3159 5134
359 530 425 596 388
613 526 846 592 NOTITIA
872 524 1167 592 LI'TERARIA

356 667 525 739 emendata,
541 686 595 726 nec
611 667 708 726 minus
729 664 885 746 diligenter
898 664 933 725 ab
948 667 1094 726 Hermann
1108 665 1270 744 Levilapide
1284 666 1426 731 vicentiae

355 771 499 854 impressa.
515 770 557 829 ti.
579 765 701 828 CCCC.
717 767 847 838 LXXX,
863 764 955 844 pridie
972 765 1043 825 ldus
1060 763 1140 848 Aug.
1151 765 1281 827 feliciter·
1300 773 1389 840 τέλος.
1406 797 1423 823 s

358 870 393 929 ln
415 869 473 929 fine
495 867 556 929 111.
578 866 719 927 secundi:
740 891 755 918 α
772 864 851 926 Finis
876 864 1005 925 omnium
1025 861 1166 925 librorum
1190 866 1224 925 P.
1252 867 1353 929 Ovidii
1375 869 1424 952 qui

357 980 474 1031 extant:
492 988 542 1029 eos
555 987 638 1048 quam
653 964 862 1027 accuratissime
879 962 1044 1023 emendatos
1063 985 1078 1023 1
1093 964 1218 1025 Bunaba
1235 965 1359 1029 Celsano
1372 969 1426 1028 Vi-

354 1063 472 1125 centino
482 1106 492 1134 ‚
502 1062 646 1141 impressit
654 1063 816 1124 Hermanus
831 1058 1016 1122 coloniensis
1025 1058 1247 1136 Licbtenstein,
1263 1063 1421 1141 vicentiae,

353 1163 396 1223 ll.
420 1160 540 1223 0000.
566 1161 700 1235 LXXX,
712 1182 760 1221 111
777 1159 822 1219 ld.
846 1156 916 1217 Maii
932 1155 1062 1218 feliciter.
1079 1183 1095 1209 ι·
1114 1191 1156 1204 -
1172 1159 1266 1219 ttaitt.
1291 1171 1363 1221 tom·
1384 1164 1422 1238 l,

352 1284 416 1345 pag.
432 1259 509 1344 4073
529 1258 678 1321 Crevenna
689 1302 699 1333 ,
712 1269 783 1319 tom.
799 1258 866 1328 tlt,
881 1276 946 1338 pag.
960 1252 1020 1315 213
1035 1276 1113 1336 seq.;
1133 1255 1209 1316 Bibl
1220 1256 1255 1317 de
1265 1257 1420 1340 Reoicslm

352 1382 415 1444 pag.
436 1356 494 1421 136
510 1381 589 1441 seq.;
609 1358 734 1431 Pariter,
750 1369 821 1418 torn.
838 1357 905 1432 111,
921 1377 987 1438 pag.
1005 1352 1074 1414 513.

399 1460 527 1531 Veneto,
549 1459 600 1534 ll,
614 1458 766 1535 Operum,
782 1477 848 1516 cum
858 1454 1094 1532 interpretatione
1104 1455 1196 1516 Paulli
1205 1457 1292 1518 ldarsi
1304 1501 1314 1535 ‚
1325 1456 1420 1520 insol.

353 1559 498 1619 -Mairc
519 1579 581 1640 pag.
599 1554 676 1640 7763
697 1556 821 1630 Pariter,
839 1566 910 1617 tom·
927 1555 991 1614 lll.
1014 1575 1079 1637 pag.
1098 1556 1165 1618 161.

391 1655 649 1735 Metamorphoses.
675 1655 711 1714 ln
733 1653 813 1714 fine:
834 1681 848 1706 s
863 1653 953 1714 Anno
971 1652 1068 1714 salutis
1084 1654 1126 1713 M.
1147 1654 1269 1716 0000.
1282 1667 1421 1741 octuage-

353 1755 428 1818 simo
443 1754 519 1815 intra
535 1752 674 1813 Kalendas
688 1750 853 1813 Februarias
866 1794 885 1825 ‚.
899 1752 994 1813 Publii
1008 1751 1132 1814 Nasonis
1150 1753 1248 1816 Ovidii
1262 1756 1421 1819 Metamor-

354 1858 479 1937 plroseos
493 1854 564 1915 liber
578 1855 734 1932 impressus
749 1866 793 1913 est
809 1851 948 1914 Pinerolii
960 1850 1112 1937 diligenter
1123 1855 1288 1917 emendatus
1300 1871 1361 1920 arte
1375 1862 1423 1921 Ja-

354 1958 421 2021 cobi
438 1957 472 2018 de
489 1952 598 2016 Rubeis
610 1952 725 2015 natione
742 1950 856 2014 Gallici.
870 1979 885 2007 a
901 1948 1004 2013 inu-tot
1013 1986 1056 2001 -
1065 1953 1158 2014 Maits
1171 1976 1201 2035 p.
1213 1951 1289 2038 4073
1300 1956 1421 2034 Panaer,

352 2072 424 2122 tom.
442 2059 493 2134 lt,
513 2077 577 2140 pag.
595 2051 663 2116 381.

394 2155 658 2233 Metamorphoses,
672 2153 773 2214 edente
788 2152 921 2214 Domitio
938 2151 1116 2231 calderim,
1134 2176 1199 2215 cnm
1219 2153 1322 2215 tabulis
1336 2154 1418 2218 labu-

354 2258 453 2318 larum.
471 2258 507 2315 ln
523 2255 598 2313 fine:
619 2280 634 2304 s
652 2253 825 2328 impressum
850 2252 959 2314 Parmae
980 2274 1066 2336 opera
1089 2263 1118 2316 et
1142 2252 1269 2335 impensa
1294 2254 1419 2320 Andreae

352 2353 504 2427 Porsina,
517 2372 594 2412 anno
610 2347 888 2426 MCCCCLXXX,
911 2350 1009 2412 Idibus
1032 2352 1132 2425 Maiis,
1151 2354 1264 2414 Joanne
1287 2354 1418 2419 Galsaaio

353 2454 443 2515 Maria
454 2450 609 2512 Mediolani
619 2450 700 2510 Duce
715 2462 853 2533 regnante
864 2449 993 2513 feliciter.
1008 2480 1023 2507 1
1035 2451 1130 2513 insol.
1140 2486 1181 2501 -
1190 2454 1284 2515 llaitt.
1296 2477 1324 2538 p.
1338 2454 1396 2540 407
1407 2480 1415 2528 ς

355 2554 481 2626 Panaer,
497 2564 569 2612 tom.
586 2550 638 2627 11,
653 2570 716 2633 pag.
732 2545 802 2610 353.

844 2654 930 2730 1481.

394 2790 534 2870 Epistoloe
548 2789 712 2863 Heroides,
734 2810 803 2850 cum
818 2791 1029 2852 commentariis
1043 2790 1114 2850 Ant
1131 2790 1230 2854 Volsci
1246 2803 1275 2854 et
1294 2792 1413 2854 Huber-

355 2894 410 2954 tini
430 2892 537 2954 Clerici
552 2890 790 2954 Crescentinatis.
804 2895 839 2952 ln
852 2891 928 2951 line:
949 2919 964 2945 κ
981 2893 1054 2954 Hac
1073 2891 1269 2974 interpretatio
1292 2893 1412 2970 Episto-

352 2996 440 3055 nrum
455 2990 616 3053 Heroidnm
627 2989 725 3053 Ovidii
732 3012 793 3051 non
800 2988 835 3050 ad
845 2991 1064 3053 ostentationem
1080 2992 1191 3074 ingenii
1205 3005 1255 3054 aut
1265 2991 1412 3065 doctrine.

351 3089 401 3151 sed
411 3089 446 3149 ad
458 3108 638 3150 communem
648 3086 799 3147 utilitatem
813 3085 849 3145 ab
864 3087 1010 3148 Ubertino
1019 3088 1193 3170 cognomine
1201 3089 1315 3150 Clerico
1325 3088 1417 3149 Cres-

353 3186 489 3248 centinati
504 3184 578 3247 edita
593 3197 638 3245 est
652 3185 684 3244 in
701 3183 767 3245 loco
788 3181 895 3244 Casalis
911 3186 1001 3246 1111111
1017 3185 1117 3247 Evaxii
1130 3230 1140 3262 ‚
1153 3208 1230 3248 auno
1247 3187 1343 3249 salutis
1358 3188 1416 3248 hu-

353 3305 444 3346 manae
466 3284 508 3344 Μ.
529 3281 648 3344 0000.
665 3282 816 3359 LXXXI,
843 3296 944 3344 octavo
969 3283 1036 3344 ldus
1063 3283 1261 3366 Septembris,
1279 3285 1414 3363 praedicto

353 3382 498 3445 Ubertino
520 3394 607 3443 artem
630 3382 744 3443 dicendi
767 3382 800 3441 in
826 3382 890 3459 ipso
918 3381 985 3444 loco
1010 3382 1115 3443 0111111
1138 3380 1252 3461 publice
1277 3383 1415 3461 interpre-

352 3494 450 3559 tante,
463 3494 518 3544 etc.
536 3481 683 3563 lrnpressit
697 3480 859 3544 Gulielmus
875 3481 910 3541 de
926 3480 1142 3563 Canepo—Nova
1157 3483 1192 3544 de
1210 3481 1416 3560 Campanilibns

353 3582 389 3643 de
405 3581 513 3642 Sancto
532 3579 696 3654 salvatore,
713 3579 840 3658 impensa
853 3579 983 3657 predicti
998 3580 1178 3657 Habetin,
1194 3580 1417 3662 venerabilisque

352 3691 383 3740 et
405 3677 583 3761 integerrimi
604 3677 758 3740 sacerdotis
782 3678 945 3762 Presbyteri
966 3679 1104 3760 Stephani
1128 3680 1164 3740 de
1188 3679 1300 3756 Ulmo,
1319 3692 1374 3739 etc.
1397 3705 1412 3732 »

352 3777 454 3841 in-lol.
464 3811 505 3826 -
514 3779 576 3839 Sm.
597 3778 674 3839 Hirr.
686 3778 760 3839 liter.
776 3801 805 3860 p.
822 3793 958 3849 ecum
978 3777 1100 3852 Panrer,
1121 3789 1192 3838 tom.
1218 3779 1230 3836 1
1241 3819 1250 3851 ,
1270 3798 1335 3859 pag.
1348 3798 1414 3862 271.

353 3879 517 3941 Comment.
535 3878 606 3937 Ant.
621 3876 721 3939 Volsci
735 3877 883 3954 separatim
896 3878 980 3937 etiam
990 3876 1097 3959 prodiit
1111 3876 1232 3952 Parmae,
1245 3879 1301 3938 boc
1311 3876 1412 3936 titulo:

394 3976 550 4037 Clarissimi
566 3976 629 4036 Viri
645 3975 769 4036 Antonii
783 3975 884 4037 Volsci
900 3977 1102 4058 Expositiones
1116 3977 1147 4036 in
1160 3976 1302 4037 Heroidas
1309 3975 1415 4038 Ovidii.

351 4074 470 4137 1111111
491 4071 595 4134 bonte-
616 4074 650 4132 ln
670 4072 749 4134 fine:
768 4099 783 4126 α
802 4074 974 4156 lmpressnm
995 4074 1103 4135 Parmae
1125 4095 1210 4155 opera
1231 4087 1263 4136 et
1282 4073 1415 4151 impensis

355 4174 480 4236 Andreae
495 4172 623 4234 Poetiliae
634 4216 644 4249 ,
654 4193 730 4233 anno
742 4172 839 4233 salutis
850 4171 1120 4235 mcccclxxxl
1134 4190 1190 4248 ‚vt
1202 4171 1387 4255 Septembris
1395 4197 1410 4226 a

352 4273 456 4336 in-lol.
472 4305 515 4321 -
528 4272 653 4351 Pernen,
670 4282 743 4333 tom·
753 4271 805 4346 ll,
822 4291 885 4353 pag.
902 4268 972 4344 354
