3159 5134
455 511 553 579 aaa
577 513 609 577 J.
636 510 865 581 nasson,
1136 512 1195 602 173

129 648 274 723 mortuis
289 675 375 723 coss.
393 649 589 750 lepidoque
607 678 682 722 cum
700 650 749 722 Μ.
769 648 920 723 Antonio
934 650 1069 749 juncto,
1085 651 1200 750 (quod

128 783 168 836 lv
186 762 250 837 lral.
267 766 348 836 Jun.
368 763 528 857 contigit,
548 792 587 838 er
602 766 693 838 Fam.
714 763 780 838 lib:
795 768 850 853 X,
869 767 933 865 Ep.
962 767 1097 857 xxm),
1123 793 1197 839 eum

127 876 169 950 ad
188 878 239 950 M.
258 877 401 950 Brutum
418 904 453 950 se
475 878 696 952 conferentem
714 880 831 953 Cicero
851 879 987 953 summis
1010 877 1106 953 effert
1128 877 1202 953 lau-

127 993 249 1080 dibus,
268 1019 342 1093 quae
360 992 410 1065 illi
427 1022 495 1065 non
511 996 711 1068 conveniunt
735 995 840 1083 aetati,
859 1023 900 1068 ue
919 994 1022 1068 dicam
1038 994 1200 1094 pueritiae.

126 1110 160 1183 ls
178 1109 291 1197 euim,
322 1107 381 1182 lib.
399 1109 441 1183 ad
458 1112 509 1183 M.
526 1113 689 1198 Brutum,
709 1110 819 1211 Epist.
848 1129 910 1183 xlx
935 1141 942 1182 :
971 1143 988 1174 «
1009 1111 1115 1197 Cave,
1133 1110 1201 1196 ait,

129 1257 147 1287 »
165 1241 287 1323 putes,
308 1223 494 1324 probitate,
514 1225 720 1310 constantia,
739 1251 834 1310 cura,
857 1223 969 1296 studio
997 1223 1079 1323 reip.
1111 1223 1204 1324 quid-

133 1372 150 1403 »
172 1368 273 1440 quam
291 1338 340 1412 illi
357 1369 427 1415 esse
444 1340 559 1415 simile.
578 1344 627 1415 Ut
638 1340 847 1442 eloquentia,
864 1368 930 1440 qua
942 1338 1138 1413 mirabiliter
1150 1367 1202 1412 ex·

133 1490 149 1520 »
171 1454 262 1528 cellit
277 1458 411 1544 (NR),
429 1456 483 1528 vix
499 1457 535 1529 in
553 1485 591 1530 eo
610 1456 719 1530 locum
733 1456 775 1528 ad
796 1454 996 1530 laudandum
1012 1454 1134 1529 habere
1149 1454 1204 1526 vi-

132 1602 150 1633 »
170 1569 311 1655 deatur3
330 1596 520 1670 quanquam
537 1569 572 1643 in
598 1569 659 1644 lrac
675 1572 748 1670 ipsa
771 1568 931 1670 sapientia
947 1566 1025 1678 plus
1041 1584 1178 1668 apparet
1195 1600 1203 1641 :

132 1723 147 1752 »
166 1689 213 1761 ita
232 1686 323 1782 gravi
337 1687 478 1786 judicio,
491 1687 661 1788 multaque
675 1690 797 1785 (NB.)
811 1705 879 1761 arte
893 1714 927 1761 se
941 1686 1087 1764 exercuit
1101 1686 1135 1759 in
1151 1714 1205 1760 ve-

131 1841 148 1870 »
167 1806 302 1878 rissimo
320 1831 438 1900 genere
456 1805 597 1878 dicendi.
614 1807 722 1879 Tanta
735 1822 847 1879 autem
860 1805 1023 1877 industria
1039 1822 1107 1890 est,
1127 1822 1202 1876 tan-

133 1959 149 1988 »
170 1941 315 2022 tumque
331 1922 466 2018 evigilat
478 1923 512 1995 in
525 1922 656 2012 studio,
670 1940 709 1996 ut
719 1950 787 1994 non
800 1923 939 1995 maxima
952 1922 1104 2015 iugenio,
1117 1921 1206 2020 quod

133 2073 150 2103 »
170 2040 205 2111 in
223 2068 264 2112 eo
282 2067 446 2112 summurn
471 2057 540 2123 est,
557 2039 661 2134 gratia
678 2037 831 2112 habenda
846 2037 1010 2121 videatur,
1026 2054 1088 2110 etc.
1108 2070 1125 2100 »
1142 2039 1207 2108 Ur-

133 2183 210 2251 gere
229 2182 365 2256 quoque
380 2182 554 2255 possemus
577 2182 651 2254 quae
673 2155 762 2241 Dio,
779 2154 821 2227 ad
838 2180 891 2227 an.
918 2156 961 2225 U.
990 2152 1028 2226 C.
1052 2169 1205 2240 nccxlx,

131 2285 244 2341 narrat
261 2268 302 2340 de
319 2269 420 2343 rebus
442 2266 531 2342 bello
559 2269 715 2342 adversus
743 2267 910 2355 Salassos,
940 2284 1002 2341 etc.
1026 2265 1204 2340 aMessala

132 2386 288 2486 praeclare
305 2387 425 2481 gestis,
447 2404 480 2460 et
497 2386 620 2486 quibus
639 2386 845 2486 triumphum
861 2386 998 2472 meruit;
1015 2385 1061 2457 ita
1084 2402 1116 2457 et
1134 2414 1206 2484 quau

131 2500 311 2588 Tibullus,
331 2499 388 2573 lib.
409 2503 460 2589 ll,
479 2499 573 2595 Eleg.
594 2519 637 2587 V,
657 2500 697 2573 tle
714 2501 786 2597 ejus
802 2499 873 2574 filio
896 2499 1079 2574 Messalino
1095 2500 1203 2586 cauit;

104 2671 109 2684 .
131 2634 232 2717 atque
255 2617 354 2689 etiam
373 2644 445 2717 quae
463 2616 641 2689 Suetonius
663 2616 704 2688 de
721 2616 859 2689 Tiberio
879 2616 1018 2704 scribit,
1043 2645 1113 2716 cap.
1136 2642 1203 2715 70:

135 2764 153 2796 α
172 2734 213 2805 ln
226 2733 376 2805 oratioue
385 2730 486 2804 latina
502 2749 636 2806 secutus
647 2751 699 2806 est
708 2733 888 2807 Corvinum
902 2731 1096 2818 Messalam,
1108 2761 1205 2832 quern

55 2895 60 2906 ,
134 2879 153 2912 n
174 2865 293 2920 §EM-:tt
312 2845 441 2944 (NR.)
459 2864 683 2921 tumescens
708 2848 947 2921 observaverat.
977 2881 994 2913 a
1023 2847 1097 2922 Etsi
1121 2848 1207 2920 euim

132 2964 260 3037 'liberii
286 2962 518 3036 adolescentiam
540 2963 580 3038 ad
607 2993 729 3042 annum
748 2993 853 3065 usque
873 2965 978 3038 aetatis
1001 2984 1074 3039 xxv
1093 2982 1207 3037 exten·

135 3078 213 3152 dere
230 3077 401 3176 labuerit,
427 3105 521 3151 unes
545 3095 652 3150 tamen
668 3078 734 3176 jam
750 3078 852 3151 luerit
871 3077 1014 3152 Messala
1035 3106 1121 3150 auno
1145 3079 1209 3151 cir·

136 3193 220 3267 citer
235 3194 278 3265 U.
295 3194 332 3266 C.
348 3191 1069 3293 Dccxxxvt,quo'liberiusxv1Novembr.
1085 3219 1209 3265 aunum

138 3330 213 3383 xxv
228 3309 380 3384 absolvit.
397 3311 522 3383 Contra
538 3336 614 3381 vero
627 3310 656 3382 si
668 3308 814 3382 rationes
829 3309 1033 3408 Hieronymo
1048 3308 1146 3380 initas
1160 3336 1209 3381 se-

137 3455 334 3528 queremur,
354 3426 503 3524 Mcssala
519 3443 590 3500 tum
610 3443 683 3498 xtll
701 3442 828 3497 tantum
839 3452 942 3497 annus
955 3440 1054 3496 natus
1071 3423 1207 3510 fuisset,

136 3546 203 3620 hoc
220 3564 286 3632 est,
299 3546 417 3647 juvenis
434 3543 623 3619 adhucdum
639 3572 674 3617 ac
692 3540 791 3638 longe
808 3542 889 3616 satis
905 3569 924 3614 a
940 3556 1086 3634 uncctute
1102 3568 1208 3614 remo-

137 3681 204 3736 tus.
230 3663 277 3734 At
295 3659 467 3760 superiora
489 3677 541 3734 sat
565 3686 730 3759 superque
753 3658 1024 3758 supputationem
1047 3656 1212 3758 Hierony-

138 3778 282 3851 miauam
298 3775 498 3848 convellunt.

191 3893 230 3962 V.
251 3891 307 3963 An
325 3907 435 3963 autem
453 3887 599 3984 Scaliger
613 3915 722 3962 veram
739 3889 859 3961 erroris
878 3888 1126 3988 Hieronymiaui
1143 3915 1214 3960 cau·

141 4033 213 4080 sam
225 4005 411 4106 aperuerit,
423 4004 528 4079 nolim
540 4004 709 4079 adfirmare
721 4022 779 4078 aut
790 4004 1001 4105 pertinaciter
1009 4032 1138 4100 negare.
1152 4009 1214 4078 At-

143 4141 279 4207 tamen,
303 4122 332 4194 si
357 4121 577 4219 conjecturam
603 4120 750 4220 prolerre
777 4120 827 4194 sas
852 4120 917 4208 sit,
942 4119 1214 4205 existimaverim,

138 4235 435 4313 hallucinationem
458 4265 497 4311 er
521 4237 588 4310 alio
609 4237 701 4312 fonte
725 4238 926 4338 provenisse.
956 4238 1088 4314 Scilicet
1112 4265 1217 4339 quum
