3159 5134
374 543 415 631 7⁸
656 539 694 603 r.
725 534 904 607 ovlnn
928 534 1154 607 ursonis

370 680 462 780 poris
475 695 556 751 natu
569 676 708 775 majores
720 674 858 751 adsidue
872 678 992 767 coluit,
1007 696 1106 781 atque
1118 706 1137 752 a
1150 678 1337 754 minoribus
1350 708 1443 783 aeque

371 797 480 871 cultus
503 796 574 896 ipse
599 813 658 869 est.
683 795 768 890 Quae
795 796 905 871 omnia
927 795 964 869 in
987 796 1089 870 Trist.
1114 794 1174 870 lib.
1197 798 1257 885 IV,
1276 798 1370 895 Eieg.
1390 820 1442 889 x,

373 913 613 1011 elegantissime
630 912 678 986 sie
694 910 811 987 scribit
828 942 836 984 :

533 1110 658 1165 Protinus
670 1107 814 1162 excolimur
826 1109 927 1175 unsri,
938 1127 1052 1180 curaque
1065 1110 1181 1179 parentis

566 1202 639 1255 lmus
653 1198 686 1251 ad
697 1198 813 1269 insignes
825 1199 906 1253 Urbis
917 1200 949 1253 ab
961 1212 1015 1256 arte
1029 1202 1107 1255 viros

535 1291 630 1345 Frater
642 1289 674 1343 ad
688 1289 825 1359 eloquium
839 1289 914 1342 viridi
928 1290 1052 1345 tendebat
1065 1292 1096 1345 ab
1107 1311 1179 1360 uro,

568 1381 659 1436 Fortia
670 1381 772 1434 verbosi
785 1391 862 1434 natus
875 1381 907 1435 ad
919 1400 992 1434 arma
1001 1381 1062 1436 sori.

539 1474 576 1526 At
590 1471 656 1525 mibi
668 1472 722 1542 jam
735 1492 819 1541 puero
830 1472 941 1526 caeiestia
952 1493 1023 1527 sacra
1035 1472 1186 1543 placebant,

567 1564 652 1633 Inque
667 1581 745 1616 suum
755 1562 850 1616 furtim
862 1563 941 1616 Musa
953 1563 1072 1617 trahebat
1084 1583 1157 1634 opus.

543 1655 621 1725 Saepe
634 1665 709 1724 pater
720 1653 784 1707 dixit
797 1674 804 1708 ς
819 1654 944 1708 Studium
956 1655 1019 1725 quid
1032 1654 1125 1710 inutile
1136 1658 1241 1711 unns?

567 1743 717 1798 Maeonides
727 1743 811 1797 nullas
822 1745 876 1813 ipse
889 1744 996 1815 reliquit
1006 1764 1077 1815 opes.

537 1836 629 1889 Motus
641 1854 715 1888 eram
727 1835 816 1902 dictis,
830 1846 938 1905 totoque
950 1836 1081 1891 Helicone
1093 1838 1201 1904 relicto,

567 1925 688 1980 Scribere
700 1926 816 1981 conabar
828 1927 905 1981 verba
917 1926 1001 1981 soluta
1013 1928 1107 1983 modis.

537 2017 640 2089 Sponte
652 2037 698 2072 sua
710 2037 819 2074 carmen
830 2036 957 2074 numeros
967 2020 1090 2075 veniebat
1101 2021 1134 2075 ad
1145 2032 1236 2093 aptos3

568 2109 617 2176 Et,
629 2109 700 2180 quod
713 2110 848 2164 tentabam
862 2110 965 2178 dicere,
978 2131 1068 2166 versus
1078 2124 1142 2167 erat

542 2202 666 2269 interea,
680 2202 758 2255 tacito
770 2222 847 2271 passu
859 2201 1006 2257 labentibus
1016 2205 1106 2269 anuis,

568 2291 689 2345 Liberior
699 2291 773 2345 fratri
785 2303 907 2362 sumpta,
920 2293 1038 2365 mihique
1051 2305 1110 2366 toga
1122 2306 1175 2348 est:

540 2379 717 2451 induiturque
730 2381 848 2436 humeris
859 2402 921 2437 eum
930 2384 984 2439 lato
998 2404 1114 2456 purpura
1122 2384 1207 2450 edavo;

570 2472 606 2526 Et
617 2472 735 2525 studium
748 2473 836 2542 nobis,
850 2475 920 2545 quod
932 2475 984 2530 suit
995 2488 1071 2546 aute,
1084 2489 1182 2532 manet.

536 2564 653 2632 Jamque
666 2563 759 2618 decem
772 2564 832 2619 vire
843 2565 924 2620 trater
936 2569 1115 2638 geminaverat
1126 2588 1224 2635 mos,

574 2652 670 2722 Quum
680 2654 765 2724 perit,
778 2666 805 2709 et
815 2657 880 2726 coepi
892 2669 965 2726 parte
977 2679 1065 2713 carere
1078 2660 1141 2713 mei.

542 2744 670 2815 Cepimus
683 2757 711 2800 et
722 2756 821 2801 tenere
835 2748 934 2819 primos
944 2752 1026 2805 etatis
1037 2750 1168 2817 honores,

572 2837 666 2908 Deque
679 2837 741 2891 viris
753 2841 888 2908 quondam
899 2860 957 2911 pars
970 2842 1053 2895 tribus
1065 2862 1118 2896 una
1128 2843 1175 2895 tut

541 2927 623 2982 Curia
634 2929 748 2983 restabat
758 2952 765 2995 3
778 2930 843 2984 davi
854 2949 979 2985 mensura
990 2944 1078 2987 coacta
1090 2943 1143 2987 est:

573 3020 665 3090 Maius
675 3033 733 3077 erat
744 3023 839 3076 nostris
850 3023 947 3078 viribus
958 3023 1021 3077 ittud
1034 3045 1109 3080 onus.

543 3111 599 3165 Nee
611 3111 713 3181 petiens
724 3132 832 3183 eorpus,
844 3133 893 3168 nec
904 3133 979 3168 mens
990 3113 1040 3167 fuis
1050 3127 1109 3186 apta
1119 3116 1199 3170 tabori
1212 3140 1219 3181 ;

570 3201 744 3272 sottidsaeque
756 3204 836 3275 fugas
846 3205 997 3260 ambitionis
1006 3224 1079 3260 eram
1089 3218 1096 3260 t

537 3292 573 3346 Et
584 3304 673 3362 petere
685 3294 780 3348 Aonias
790 3295 934 3351 suadebant
946 3309 1002 3352 tnta
1017 3297 1127 3352 Sorores

570 3382 647 3451 otia,
660 3384 757 3454 judicio
768 3405 873 3458 semper
884 3399 968 3442 amata
982 3409 1050 3444 meo.

537 3474 677 3545 Temporis
690 3475 757 3530 illius
766 3477 834 3531 colui
845 3479 951 3549 fovique
963 3492 1067 3550 poetas:

572 3565 701 3636 Quosque
713 3567 824 3623 atteram
833 3580 919 3637 vates,
931 3571 1109 3626 rebaradesse
1117 3572 1197 3627 Deos.

518 3644 522 3654 ⁵
537 3654 612 3726 Soepe
625 3675 683 3710 suas
694 3658 812 3712 volucres
821 3658 885 3730 legit
897 3661 962 3714 mibi
974 3661 1100 3731 grandior
1111 3682 1184 3731 evo,

574 3746 695 3817 Quaque
707 3761 786 3803 nocet
797 3770 915 3820 serpens,
928 3771 986 3823 que
997 3754 1070 3822 jurat
1081 3755 1179 3822 herba,
1192 3754 1291 3810 Macer.

539 3836 615 3909 Saepe
625 3857 687 3893 suos
697 3839 787 3895 solitus
798 3843 907 3897 recitare
919 3844 1071 3913 Propertius
1084 3847 1169 3915 ignes,

573 3928 640 3982 Jure
650 3929 762 3985 sodabtii
774 3934 819 4002 qni
832 3934 896 3987 mibi
905 3936 1010 4003 junctos
1023 3948 1086 3991 erat.

540 4020 666 4075 Ponticus
677 4021 774 4091 heroo,
784 4025 876 4079 Battus
888 4042 993 4096 quoqne
1004 4025 1188 4096 ciamsjambis

573 4110 668 4166 Dulcia
679 4115 811 4169 convictus
822 4117 942 4172 membra
950 4119 1025 4173 [uere
1036 4119 1098 4174 mei.

539 4202 663 4258 Detinuit
675 4216 774 4260 nostras
786 4227 942 4266 numerosus
955 4212 1081 4266 Horatius
1091 4231 1183 4278 aures,

570 4293 645 4348 Dum
656 4294 718 4351 ferit
729 4299 846 4355 Ausonia
857 4303 974 4358 carmina
985 4304 1054 4361 culta
1064 4304 1128 4376 lyra.
