3159 5134
374 554 443 624 DE
464 555 504 620 P.
531 553 727 623 OVIDIO
750 551 970 624 NASONE'.
1141 558 1202 626 331

140 693 273 796 quoties
280 693 411 770 Trltulli
424 695 565 768 carmina
581 693 675 791 lego,
691 693 777 769 nihil
790 693 933 796 amplius
948 697 1081 798 requiro
1098 726 1207 812 neque

139 810 319 885 venustatis
334 868 343 897 ,
357 839 465 911 neque
480 809 676 906 elegantia:
698 810 883 885 doctrinam
905 830 1012 885 autem
1039 830 1073 886 et
1097 814 1207 888 erudi·

141 927 266 1002 tionem
292 926 446 1001 admiror.
478 926 601 1001 Omnia
626 944 695 1001 arte
722 927 901 1027 studioque
926 956 1055 1002 summo
1078 926 1207 1003 elimata

140 1040 222 1115 milri
239 1039 402 1114 videntur.
420 1044 535 1140 ltaque
550 1038 585 1112 in
598 1040 737 1113 maxima
750 1038 921 1129 facilitate,
939 1038 997 1114 illa
1010 1057 1119 1116 tammr
1130 1069 1208 1116 cura

141 1156 378 1233 elaborationis
390 1176 423 1233 et
435 1157 613 1254 diligentia
625 1158 837 1258 conspicitur.
853 1157 965 1233 Verba
976 1160 1208 1260 optima,sen-

141 1276 251 1349 tentiae
267 1274 458 1375 exquisite,
474 1272 672 1375 compositio
688 1274 864 1361 omnibns,
881 1276 1044 1365 ut'aiunt,
1060 1277 1206 1352 numeris

140 1389 294 1492 perlecta.
313 1392 364 1464 Er
380 1418 448 1491 quo
466 1416 598 1465 necesse
612 1406 663 1464 est
674 1390 741 1464 hoo
752 1407 992 1490 consequatur,
1010 1390 1152 1467 carmina
1167 1409 1207 1468 ut

140 1507 209 1590 sint
222 1524 256 1580 et
273 1534 415 1595 canora,
433 1504 670 1608 etsplendida,
688 1523 721 1580 et
738 1506 907 1581 concinna.
935 1505 1029 1603 Quid
1045 1503 1153 1583 autem
1169 1509 1206 1583 in

141 1624 283 1713 Ouidio,
303 1624 503 1726 querelans
519 1626 666 1699 eminet?
683 1624 832 1699 Primum
844 1623 970 1721 ingenii
983 1641 1074 1699 tanta
1086 1626 1151 1715 vis,
1165 1653 1203 1701 ae

140 1754 208 1811 tarn
227 1736 348 1833 agites,
367 1757 499 1839 tamque
515 1737 635 1813 celeres
653 1754 783 1827 motus,
801 1755 868 1811 tam
880 1755 1034 1839 prompta
1047 1737 1201 1829 facultas,
1270 1747 1273 1754 “

141 1854 378 1932 arestonius
393 1854 430 1927 iu
451 1854 513 1928 hac
534 1871 628 1955 parte
648 1869 797 1942 natm,
814 1869 855 1928 ut
871 1853 905 1926 io
921 1853 1009 1930 facili
1030 1871 1064 1930 ct
1079 1873 1217 1930 extem-¹
1249 1881 1260 1912 1

139 1966 248 2071 porali
271 1960 393 2065 genere
410 1967 581 2070 quodam,
606 1965 693 2040 nihil
714 1966 858 2069 reperias
882 1991 951 2042 non
964 1966 1084 2043 solum
1112 1968 1203 2069 quo'd

141 2082 272 2183 scriptis
287 2082 379 2157 illius
396 2084 576 2172 anteferre,
602 2081 660 2156 sed
683 2109 725 2155 nc
747 2080 897 2155 conferre
920 2081 1052 2183 quidem
1074 2083 1201 2187 possis,

139 2196 224 2272 nihil
237 2199 272 2272 in
284 2197 353 2274 illis
362 2198 556 2288 sollicitum,
569 2197 654 2272 nihil
667 2198 859 2300 quaesitum,
870 2198 954 2273 nihil
966 2200 1108 2274 anxium.
1121 2199 1203 2274 Seu·

140 2316 252 2396 tentiis
259 2316 548 2414 verborurgentur,
562 2315 663 2390 verba
674 2315 852 2390 sententias
865 2316 1014 2391 incitant.
1028 2315 1129 2391 Nulla
1142 2343 1203 2390 co-

139 2434 211 2535 pia,
227 2432 358 2509 nullum
380 2419 627 2520 ornamentum,
645 2429 740 2506 nulla
751 2432 893 2528 insignia
917 2450 996 2506 sunt
1018 2432 1200 2521 orationis,

139 2578 211 2651 que
225 2578 295 2625 non
311 2541 505 2646 investigata
522 2546 655 2650 quidem
667 2566 727 2622 aut
738 2549 925 2649 conquisita
940 2549 1063 2624 fuerint
1072 2550 1121 2624 ‘als
1136 2550 1201 2624 hoc

136 2682 254 2766 poete,
271 2664 329 2741 sed
345 2691 419 2767 qua
433 2692 503 2738 non
519 2662 570 2737 illi
584 2663 676 2738 ultro
691 2664 900 2738 occurrerint·
911 2682 943 2739 et
957 2663 1198 2766 subpetierint;

137 2799 175 2856 nt
185 2782 251 2880 jam
259 2779 429 2882 aliquibus
437 2778 618 2856 fastidiosis
626 2777 764 2868 scilicet,
776 2779 953 2855 offensioni
965 2779 1086 2878 magis,
1102 2807 1199 2883 quam

138 2895 345 2972 delectationi
366 2897 437 2973 hac
464 2925 535 2972 esse
556 2895 705 2985 soleam,
723 2915 756 2972 et
781 2895 889 2971 dolori
906 2895 1042 2986 invidis,
1067 2925 1106 2973 en
1130 2911 1199 2998 quo

124 3009 336 3106 obtrectatio
349 3010 472 3088 alienas
489 3011 583 3112 qnasi
599 3010 728 3085 divitias
740 3010 908 3088 insectans
924 3013 1077 3088 nascitur.

400 3313 601 3388 rosum
631 3313 936 3424 auroram,

442 3487 453 3550 (
458 3497 590 3540 sunnon
600 3497 724 3538 oronam
738 3482 897 3547 rarrrcro.)

299 3622 356 3677 Esr
369 3621 452 3692 gravis
461 3632 489 3675 ct
500 3620 599 3688 cultus,
614 3638 733 3689 puroque
745 3615 892 3672 simillimus
905 3618 994 3684 amni,

330 3712 476 3781 Dulciaque
487 3711 591 3782 eloquio
602 3710 681 3768 verta
692 3708 813 3765 Tibullus
825 3697 913 3764 habet
939 3745 942 3752 »

300 3802 389 3857 Mollis
399 3813 427 3858 et
437 3803 584 3870 matrum,
599 3803 736 3872 tenerique
749 3799 985 3870 Propertium,
1035 3840 1037 3844 -
1077 3865 1082 3875 .

333 3895 474 3953 Interdum
485 3894 588 3949 Baccho
599 3893 644 3949 sed
658 3892 737 3948 trahit
748 3892 790 3947 itte
802 3892 906 3963 pedem.
926 3889 931 3894 ’

298 3985 339 4040 At'
347 3985 429 4040 facilis
439 3985 533 4051 Niso,
544 3984 645 4037 sulcans
657 3983 737 4052 pleno
749 4001 855 4053 equora
870 3980 946 4050 velo,

266 4089 273 4102 ·
328 4076 441 4132 Pectore
453 4073 579 4130 cantis
591 4073 671 4127 divite
682 4072 773 4127 tundit
784 4092 855 4143 oper

296 4166 356 4222 Hos
367 4165 481 4221 celebrat
492 4165 601 4222 blandos
614 4163 721 4234 Elegeia
731 4164 810 4222 docta
818 4176 925 4235 poetar:
956 4199 959 4206 ·

333 4256 437 4315 Diversi
448 4256 580 4327 quamvis,
592 4254 648 4312 laus
657 4274 704 4309 sua
714 4273 845 4325 quemque
858 4266 957 4310 manet.
