3159 5134
459 545 555 614 PER
579 547 611 612 J.
640 545 869 615 MASSON.
1138 576 1195 619 ror

130 682 210 758 Inde
227 701 280 759 est
297 685 390 785 quod
405 686 508 761 Trist.
527 685 586 761 tib.
607 690 677 772 ΙΙΙ,
694 686 786 784 Eieg.
807 709 878 778 vll,
896 688 996 780 dicit,
1024 718 1058 766 se
1067 690 1202 792 judicem

132 798 310 872 carminum
323 799 440 892 fuisse,
456 829 529 902 quae
552 800 648 875 docta
669 801 789 877 inuiier
806 805 976 892 Romana,
992 805 1056 879 sub
1072 805 1202 880 Pmttae

132 915 263 987 nomine
280 913 386 989 latens
405 925 413 954 ¹
427 973 437 1004 ‚
451 918 628 1018 scripserat
644 947 703 991 uon
715 919 819 1019 patrio
835 949 936 1006 more,
955 921 1022 995 hoc
1043 940 1113 1009 est,
1130 951 1200 996 non

133 1025 229 1102 latina
254 1026 388 1124 lingua,
415 1030 474 1104 sed
489 1059 619 1130 groco,
645 1032 770 1134 quippe
794 1034 890 1131 cujus
916 1064 1001 1137 opus
1023 1038 1091 1110 solu
1114 1052 1224 1111 vates.

134 1142 247 1218 Lesbia
268 1143 407 1246 Sappho
422 1145 590 1234 vincebat,
610 1176 692 1221 vers.
716 1175 753 1220 rr
777 1166 811 1222 et
833 1173 898 1223 12:

296 1290 342 1343 Tu
354 1310 477 1361 quoque,
491 1291 548 1358 dic,
561 1293 654 1347 studiis
663 1293 850 1348 communibus
862 1293 955 1363 ecquid
968 1294 1092 1363 inheret,

326 1380 463 1451 Doctaque
471 1403 522 1436 nor
528 1390 615 1452 patrio
625 1385 742 1438 carmina
752 1404 819 1438 more
828 1384 918 1440 canui

137 1495 249 1572 deinde
266 1527 349 1574 vers
369 1527 416 1574 20
434 1532 442 1573 ε

292 1636 354 1691 Sola
365 1648 445 1694 tunm
454 1646 527 1694 vates
536 1642 630 1694 Μία
640 1640 727 1695 vincet
737 1658 810 1712 opus.

135 1766 163 1822 et
177 1780 261 1827 vers.
282 1751 328 1824 23
347 1772 380 1828 et
397 1757 466 1846 24:

293 1903 368 1957 Dum
379 1904 466 1972 licuit,
477 1916 523 1958 tua
533 1925 600 1976 sepe
611 1909 685 1970 mihi,
700 1907 748 1961 tibi
762 1918 852 1962 nostra
862 1907 997 1977 legebam:

327 1994 402 2065 Soepe
414 1996 553 2064 tuimet,
566 2015 633 2066 αρε
643 2003 763 2066 magister
773 2016 855 2051 eram.

136 2110 216 2184 Sunt
234 2127 269 2185 et
289 2108 386 2212 plura
407 2111 494 2202 loca,
516 2113 639 2214 quibus
658 2129 769 2215 patet,
793 2114 921 2189 Nasoni
948 2113 1052 2191 lectos
1077 2119 1200 2193 Home·

135 2258 203 2302 nrm
220 2228 371 2332 aliosque
388 2258 513 2326 grecos
530 2231 720 2332 scriptores.
745 2232 832 2306 Vide
855 2233 957 2307 Trist.
980 2231 1039 2308 lib.
1057 2236 1093 2325 Ι,
1108 2234 1200 2333 Eleg.

137 2365 173 2433 v;
188 2344 246 2419 lib.
273 2347 322 2434 ΙΙ,
339 2375 421 2421 vers.
442 2344 522 2419 363.
548 2348 644 2422 Adde
667 2348 759 2450 qnod
789 2366 823 2421 et
844 2350 994 2425 Athenas
1015 2351 1203 2430 studiorum

136 2494 225 2540 eausa
242 2464 398 2567 petierit3
414 2465 488 2540 vide
501 2466 559 2539 ins.
578 2467 620 2540 od
637 2496 712 2541 ann.
733 2470 775 2541 U.
796 2467 835 2541 C.
851 2487 1039 2559 Dccxxvll,
1055 2500 1088 2543 n.
1107 2469 1139 2545 3.

177 2585 237 2656 ΠΙ.
273 2583 435 2656 Ceterum
454 2580 578 2656 nullam
596 2583 685 2684 apud
710 2614 762 2659 me
783 2585 881 2661 fidem
908 2588 1028 2676 habet,
1046 2592 1136 2691 quod
1162 2591 1197 2667 in

136 2697 242 2771 (te-itii
260 2699 337 2772 Vita
363 2728 402 2773 er
425 2717 556 2774 vetusto
584 2700 698 2775 codice
725 2703 905 2805 Pomponii
928 2706 1011 2778 Laeti
1037 2703 1198 2802 legimus,

135 2833 281 2889 nostrum
308 2844 426 2917 nempe
449 2815 505 2889 sub
531 2815 636 2890 Plotio
666 2817 787 2917 Gn‘ppo
806 2819 901 2892 liten‘s
920 2820 1091 2907 eruditum,
1120 2850 1197 2913 seu,

135 2949 231 3030 prout
247 2930 333 3005 alius
351 2932 453 3006 codex
468 2933 686 3008 Farnesianus
704 2933 783 3022 sert,
803 2963 876 3008 euru
893 2936 1007 3010 Roma
1022 2937 1079 3011 sut
1094 2937 1199 3012 Plotio

138 3045 253 3149 anpo
269 3049 363 3122 literis
380 3077 501 3150 opernm
525 3048 651 3123 dedisse.
681 3048 811 3125 Plotius
832 3070 919 3125 certe
945 3050 1093 3153 Grippus
1112 3053 1200 3127 inter

136 3163 359 3255 grammaticos
370 3163 470 3262 hujus
480 3163 539 3237 evi
546 3163 636 3265 apud
648 3165 864 3254 Suetonium,
878 3167 1044 3255 Senecam,
1060 3167 1200 3243 aliumve

135 3304 198 3349 non
214 3278 369 3352 occunit.
389 3277 513 3352 Plotius
528 3263 663 3380 quidem
686 3278 825 3379 Griphus
837 3281 955 3355 Tacito
980 3281 1081 3354 semel
1101 3300 1201 3384 atque

134 3391 248 3467 iterum
264 3413 481 3481 memoratur,
506 3395 618 3494 utqui
634 3394 676 3468 oh
692 3394 735 3467 V
728 3397 885 3497 eposium
903 3397 935 3469 in
950 3397 1130 3470 senatorium
1147 3425 1200 3470 or·

133 3506 228 3582 duem
239 3508 383 3598 additus,
396 3538 433 3583 ac
443 3510 556 3612 legioni
556 3510 743 3611 proposzius
759 3511 868 3585 suerat
880 3521 912 3600 ²,
933 3511 1051 3585 deinde
1060 3527 1201 3611 pratum

133 3624 272 3701 donatus
288 3626 312 3717 ³,
328 3657 414 3703 anno
426 3628 577 3703 Cum.
588 3627 716 3701 Statius
726 3656 861 3728 quoque
872 3628 1010 3703 Plotium
1028 3630 1197 3729 anpum,

131 3759 167 3815 nt
182 3742 333 3839 vulgares
351 3742 486 3843 quidem
503 3741 635 3816 codices
656 3740 781 3815 hubent
793 3740 834 3829 ⁴,
859 3741 971 3818 laudat
993 3740 1025 3830 ⁵,
1045 3761 1201 3845 tanquam

159 3911 168 3942 ¹
184 3908 225 3963 De
237 3929 288 3980 qna
300 3909 419 3964 inferius.

158 3992 170 4022 ²
186 3992 268 4047 Tacit.
280 3994 351 4047 Hist.
363 3992 406 4047 lib.
420 3992 479 4059 ΙΙΙ,
494 4012 550 4063 cap.
563 3995 603 4047 52.

157 4074 170 4109 ²
185 4078 260 4133 Idem
272 4078 316 4134 lib.
330 4079 383 4147 IV,
393 4099 449 4150 cap.
461 4079 501 4152 39.

158 4164 170 4203 ⁴
189 4167 310 4234 Grr'pburr
325 4177 415 4221 tamen
428 4186 460 4221 ex
472 4165 581 4231 Tacito,
594 4163 737 4234 tegendum
749 4164 931 4221 existimabant
939 4165 1084 4223 Scriverius
1096 4187 1127 4223 ae
1137 4167 1198 4223 Ge-

129 4251 239 4314 rartim,
253 4252 303 4306 uisi
314 4252 372 4322 quir
382 4251 540 4317 arbitretur,
553 4250 677 4305 Tacitum
687 4269 718 4304 ex
730 4248 814 4305 Statio
825 4249 1032 4306 emendandum.

161 4334 172 4370 ⁸
189 4336 268 4390 Praef.
282 4335 354 4409 Syiv.
369 4335 412 4389 tib.
426 4335 486 4401 ΙΙΙ,
498 4353 614 4408 earmp
