3159 5134
353 494 413 579 104
672 496 711 559 P.
746 494 924 560 ovlnu
957 492 1124 559 v1ru·

349 669 366 697 »
388 650 562 736 praetexta,
585 650 697 728 togam
716 661 833 733 puram
857 631 1017 719 indutus,
1038 629 1129 731 quod
1152 626 1254 704 virilis
1271 629 1422 704 tirocinii

350 784 366 813 u
387 766 616 843 argumentum
634 765 692 822 est.
711 782 728 812 »
749 817 751 822 ,

398 864 443 935 At
461 861 738 936 eminentissimus
754 860 930 947 Norisius,
959 875 991 931 et
1011 858 1082 960 ejus
1105 856 1244 952 vestigia
1264 883 1421 957 premens

347 977 578 1052 celeberrimus
594 978 806 1064 Graevius,ut
817 975 984 1071 vulgarem
993 973 1145 1048 Suetonii
1158 971 1333 1048 lectionem
1344 999 1421 1045 ven·
1441 965 1444 978 ’

347 1091 476 1180 dicent,
494 1092 619 1164 nodum
649 1107 778 1178 secant,
799 1089 920 1162 erroris
942 1089 1182 1161 Damascennm
1209 1087 1420 1173 incusantes,

347 1209 441 1309 quasi
459 1208 555 1281 etiam
572 1237 690 1309 parum
707 1207 774 1283 sibi
789 1223 967 1281 constaret.
985 1206 1068 1304 Ejus
1087 1222 1194 1279 tamen
1210 1206 1260 1277 uti
1279 1220 1313 1277 et
1329 1204 1420 1276 Sue-

349 1322 432 1394 tonii
456 1321 536 1395 lides
559 1322 686 1418 integra
710 1321 810 1395 nobis
836 1319 985 1406 videtur,
1005 1319 1086 1393 dum
1102 1318 1170 1392 baec
1188 1318 1418 1392 observamus.
1457 1364 1461 1368 -

351 1451 396 1509 1⁰.
418 1439 533 1534 Quum
544 1436 628 1510 illud
646 1433 773 1511 Nicolai
789 1444 853 1536 περὶ
871 1449 918 1519 ἔτη
936 1440 1213 1535 τεσσαρεσκαίδεια,
1230 1434 1346 1507 circiter
1358 1460 1421 1507 ou-

349 1584 404 1629 uos
434 1556 679 1655 quatuordecim,
713 1555 839 1655 optime
872 1556 981 1656 possit
1016 1554 1057 1628 de
1092 1553 1134 1626 15
1165 1552 1296 1626 labente
1329 1580 1419 1626 anno
1445 1620 1447 1623 Α

346 1670 508 1765 intelligi;
534 1672 611 1745 hine
630 1673 728 1745 etiam
744 1671 830 1745 bene
850 1672 1021 1748 conveniet
1039 1668 1131 1772 quod
1148 1668 1235 1752 idem
1252 1669 1366 1757 addit,
1381 1694 1421 1742 ac

347 1787 540 1888 praelaudsti
557 1788 617 1861 viri
635 1787 806 1885 objiciunt.
827 1787 959 1862 Scilicet
980 1788 1097 1862 scribit
1113 1787 1188 1877 ille,
1208 1807 1321 1884 togam
1336 1787 1421 1862 viri·

347 1904 411 1980 lem
426 1906 468 1979 ab
481 1909 637 2001 Augusto
650 1923 791 1979 sumtam
804 1893 840 1979 ea
851 1906 924 1994 die,
940 1935 1004 2006 qua
1018 1905 1166 2006 pontifex
1179 1923 1307 1981 creatus
1318 1906 1419 1981 fuerit

345 2023 381 2096 iu
399 2026 437 2096 L.
456 2021 597 2095 Domitii
616 2020 681 2120 jam
697 2020 845 2096 defuncti
862 2020 981 2096 locum.
1000 2024 1107 2124 Atqui
1133 2027 1173 2098 L.
1193 2024 1362 2098 Domitius
1381 2026 1418 2099 in
1515 2091 1518 2094 .

349 2140 419 2213 acie
437 2137 644 2225 Pharsalica,
662 2165 751 2211 anno
769 2141 812 2211 U.
829 2139 866 2212 C.
881 2157 1004 2226 DCCVI,
1023 2137 1134 2213 adulta
1147 2157 1276 2224 estate,
1294 2140 1417 2240 periit;

348 2281 417 2356 quo
434 2272 583 2353 tempore
597 2254 773 2347 Augustus
787 2281 909 2326 aunum
923 2253 1042 2349 agebat
1061 2251 1122 2340 15,
1140 2282 1243 2354 quum
1260 2272 1347 2329 esset
1364 2254 1417 2330 die

348 2371 395 2443 23
410 2370 613 2470 Septembris
624 2370 769 2443 initurus
783 2368 825 2440 [6
835 2397 968 2443 anuum.
987 2370 1094 2465 lgitur
1104 2372 1216 2471 potuit
1228 2389 1304 2445 ante
1316 2372 1418 2472 hujus

348 2486 425 2561 anni
450 2485 491 2556 1b'
507 2487 709 2587 principium
727 2504 836 2582 togam
854 2487 990 2561 induere
1006 2515 1133 2587 puram.
1165 2498 1213 2559 2⁰.
1242 2487 1418 2588 Quodn'eu-

347 2602 430 2674 uiuur
449 2600 550 2688 illud,
570 2619 647 2702 post
659 2602 911 2676 latomorum
927 2604 1087 2677 Suetonio
1101 2622 1325 2692 numeratum,
1345 2632 1418 2678 om·

232 2779 234 2783 .
347 2718 429 2791 nino
456 2718 585 2791 videtur
613 2718 656 2790 sd
685 2737 815 2821 tempus
839 2737 1008 2820 spectare,
1040 2749 1108 2821 quo
1131 2720 1219 2793 dom's
1239 2720 1419 2794 mr'lr'tundus

347 2833 521 2926 Augustus
540 2832 605 2905 fuit
619 2832 760 2906 doristus.
779 2830 898 2907 Noluit
913 2862 1030 2935 nempe
1052 2832 1231 2908 Suetonius
1248 2833 1417 2922 indicare,

348 2978 415 3050 quo
434 2949 539 3023 statis
558 2976 647 3022 auno
671 2947 727 3021 ille
750 2948 835 3022 banc
859 2949 977 3025 sumsit
999 2968 1128 3046 togam,
1148 2951 1206 3024 sed
1222 2978 1290 3050 quo
1305 2949 1419 3026 Julius

347 3095 422 3140 eum
440 3065 539 3139 donis
558 3063 759 3139 militaribus
773 3068 921 3156 ornavit3
939 3068 1050 3169 sicque
1067 3067 1352 3169 interpungendus
1369 3087 1419 3145 est

347 3182 417 3281 ejus
441 3200 550 3257 textus
576 3213 584 3256 z
611 3181 827 3283 Quadriennio
844 3184 1123 3283 post,.vrir'lilogo
1138 3198 1256 3270 sumto,
1277 3184 1418 3258 militari-

344 3299 403 3373 bus
424 3315 484 3373 etc.
516 3299 646 3373 Passim
669 3298 852 3374 historicus
867 3298 924 3374 ille
947 3300 1058 3374 eadem
1076 3299 1190 3401 phrasi
1207 3299 1303 3402 plura
1319 3300 1418 3376 simul

344 3414 471 3513 jungit,
491 3442 563 3514 quae
580 3413 661 3488 varii
685 3431 765 3488 sunt
789 3415 957 3518 temporis.
989 3416 1092 3513 Quod
1119 3417 1147 3489 si
1174 3415 1312 3490 eruditis
1337 3417 1417 3494 viris

345 3528 606 3605 animadversum
618 3529 756 3616 suisset,
769 3530 851 3605 alias
865 3531 957 3605 saeile
970 3532 1186 3606 removissent
1196 3530 1416 3623 difficultates,

346 3647 471 3750 quibus
488 3647 695 3735 cruciantur3
720 3665 760 3721 ut
777 3646 908 3748 aliquot
923 3645 1081 3749 exemplis
1097 3648 1417 3738 demonstraremus,

344 3764 374 3838 si
391 3762 485 3839 locus
501 3764 534 3837 id
553 3764 769 3866 permitteret.

393 3877 521 3951 Idcirco
543 3905 606 3977 per
628 3877 827 3952 Suetonium
838 3875 924 3950 nihil
937 3877 1065 3966 obstat,
1083 3879 1263 3980 quominus
1282 3908 1358 3953 cum
1373 3878 1414 3952 cl.

344 3989 443 4080 viris,
467 3988 599 4065 Valesio
616 4020 653 4065 ac
667 3989 846 4070 Dodwello
864 4018 1070 4081 censeamus,
1095 4012 1206 4090 togam
1229 3992 1355 4068 virilem
1373 3992 1415 4067 ab

342 4112 500 4204 Augusto
521 4127 685 4197 sumtum,
711 4138 814 4210 quum
838 4112 881 4202 14
898 4109 1002 4185 atatis
1021 4139 1127 4185 annus
1139 4111 1206 4211 jam
1223 4128 1309 4186 esset
1326 4139 1416 4184 com-

342 4225 470 4326 pletus,
488 4254 525 4300 sc
546 4225 588 4298 15
606 4224 781 4300 laberetur.
801 4228 851 4301 Ea
867 4244 953 4303 certe
971 4246 1064 4305 state
1080 4228 1222 4330 ipsemet
1236 4227 1418 4329 nepotibus
