<?xml version="1.0" encoding="UTF-8"?>
<!DOCTYPE html PUBLIC "-//W3C//DTD XHTML 1.0 Transitional//EN"
    "http://www.w3.org/TR/xhtml1/DTD/xhtml1-transitional.dtd">
<html xmlns="http://www.w3.org/1999/xhtml" xml:lang="en" lang="en">
 <head>
  <title>
</title>
<meta http-equiv="Content-Type" content="text/html;charset=utf-8" />
  <meta name='ocr-system' content='tesseract 3.04.00' />
  <meta name='ocr-capabilities' content='ocr_page ocr_carea ocr_par ocr_line ocrx_word'/>
</head>
<body>
  <div class='ocr_page' id='page_1' title='image "./publiusovidiusn00giergoog/publiusovidiusn00giergoog_0233.png"; bbox 0 0 3159 5134; ppageno 0'>
   <div class='ocr_carea' id='block_1_1' title="bbox 462 502 877 572">
    <p class='ocr_par' dir='ltr' id='par_1_1' title="bbox 462 502 877 572">
     <span class='ocr_line' id='line_1_1' title="bbox 462 502 877 572; baseline 0.007 -5"><span class='ocrx_word' id='word_1_1' title='bbox 462 502 561 569; x_wconf 84' lang='lat' dir='ltr'><strong>PER</strong></span> <span class='ocrx_word' id='word_1_2' title='bbox 586 504 618 568; x_wconf 86' lang='lat' dir='ltr'><strong>J.</strong></span> <span class='ocrx_word' id='word_1_3' title='bbox 644 502 877 572; x_wconf 71' lang='lat' dir='ltr'><strong>Messon.</strong></span> 
     </span>
    </p>
   </div>
   <div class='ocr_carea' id='block_1_2' title="bbox 170 640 1014 825">
    <p class='ocr_par' dir='ltr' id='par_1_2' title="bbox 170 640 1014 825">
     <span class='ocr_line' id='line_1_2' title="bbox 170 640 1014 716; baseline 0.006 -23"><span class='ocrx_word' id='word_1_4' title='bbox 170 666 175 675; x_wconf 64' lang='lat'><strong><em>¹</em></strong></span> <span class='ocrx_word' id='word_1_5' title='bbox 294 643 378 695; x_wconf 69' lang='lat' dir='ltr'><strong>Hieta</strong></span> <span class='ocrx_word' id='word_1_6' title='bbox 388 640 423 696; x_wconf 84' lang='lat' dir='ltr'><strong>sit</strong></span> <span class='ocrx_word' id='word_1_7' title='bbox 436 641 492 696; x_wconf 65' lang='lat' dir='ltr'><strong>hac</strong></span> <span class='ocrx_word' id='word_1_8' title='bbox 503 642 622 713; x_wconf 85' lang='lat' dir='ltr'><strong>quamvis</strong></span> <span class='ocrx_word' id='word_1_9' title='bbox 632 643 703 698; x_wconf 88' lang='lat' dir='ltr'><strong>inter</strong></span> <span class='ocrx_word' id='word_1_10' title='bbox 716 646 858 714; x_wconf 75' lang='lat' dir='ltr'><em>Graiosque</em></span> <span class='ocrx_word' id='word_1_11' title='bbox 870 647 1014 716; x_wconf 73' lang='lat' dir='ltr'><em>Getasque,</em></span> 
     </span>
     <span class='ocr_line' id='line_1_3' title="bbox 247 733 969 825; baseline 0.01 -40"><span class='ocrx_word' id='word_1_12' title='bbox 247 746 250 751; x_wconf 84' lang='lat'>&#39;</span> <span class='ocrx_word' id='word_1_13' title='bbox 328 734 354 787; x_wconf 82' lang='lat' dir='ltr'>A</span> <span class='ocrx_word' id='word_1_14' title='bbox 367 733 435 787; x_wconf 81' lang='lat' dir='ltr'><strong>male</strong></span> <span class='ocrx_word' id='word_1_15' title='bbox 448 734 544 803; x_wconf 75' lang='lat' dir='ltr'>pacatis</span> <span class='ocrx_word' id='word_1_16' title='bbox 556 734 614 804; x_wconf 82' lang='lat' dir='ltr'><strong>plus</strong></span> <span class='ocrx_word' id='word_1_17' title='bbox 626 734 705 791; x_wconf 84' lang='lat' dir='ltr'><strong>trahit</strong></span> <span class='ocrx_word' id='word_1_18' title='bbox 718 755 764 790; x_wconf 90' lang='lat' dir='ltr'><strong>ora</strong></span> <span class='ocrx_word' id='word_1_19' title='bbox 779 739 854 805; x_wconf 53' lang='lat' dir='ltr'><strong>Gelae</strong></span> <span class='ocrx_word' id='word_1_20' title='bbox 862 748 918 821; x_wconf 77' lang='lat' dir='ltr'><strong>¹etc.</strong></span> <span class='ocrx_word' id='word_1_21' title='bbox 966 818 969 825; x_wconf 26' lang='grc' dir='ltr'>Ι</span> 
     </span>
    </p>
   </div>
   <div class='ocr_carea' id='block_1_3' title="bbox 132 850 1213 1309">
    <p class='ocr_par' dir='ltr' id='par_1_3' title="bbox 132 850 1213 1309">
     <span class='ocr_line' id='line_1_4' title="bbox 179 850 1212 955; baseline 0.012 -32"><span class='ocrx_word' id='word_1_22' title='bbox 179 851 243 925; x_wconf 85' lang='lat' dir='ltr'><strong>IV.</strong></span> <span class='ocrx_word' id='word_1_23' title='bbox 262 850 436 925; x_wconf 80' lang='lat' dir='ltr'><strong>Addamus</strong></span> <span class='ocrx_word' id='word_1_24' title='bbox 454 870 488 927; x_wconf 90' lang='lat' dir='ltr'><strong>et</strong></span> <span class='ocrx_word' id='word_1_25' title='bbox 499 851 554 927; x_wconf 88' lang='lat' dir='ltr'><strong>hio</strong></span> <span class='ocrx_word' id='word_1_26' title='bbox 568 852 832 928; x_wconf 81' lang='lat' dir='ltr'><strong>observationem</strong></span> <span class='ocrx_word' id='word_1_27' title='bbox 845 853 1046 930; x_wconf 88' lang='lat' dir='ltr'><strong>illustrando</strong></span> <span class='ocrx_word' id='word_1_28' title='bbox 1065 857 1212 955; x_wconf 87' lang='lat' dir='ltr'><strong>ejusdem</strong></span> 
     </span>
     <span class='ocr_line' id='line_1_5' title="bbox 133 974 1213 1078; baseline 0.013 -30"><span class='ocrx_word' id='word_1_29' title='bbox 133 974 192 1049; x_wconf 89' lang='lat' dir='ltr'><strong>lib.</strong></span> <span class='ocrx_word' id='word_1_30' title='bbox 212 976 266 1050; x_wconf 92' lang='lat' dir='ltr'><strong>lll</strong></span> <span class='ocrx_word' id='word_1_31' title='bbox 279 1004 323 1049; x_wconf 80' lang='lat' dir='ltr'><strong>ex</strong></span> <span class='ocrx_word' id='word_1_32' title='bbox 340 976 471 1065; x_wconf 89' lang='lat' dir='ltr'><strong>Ponto,</strong></span> <span class='ocrx_word' id='word_1_33' title='bbox 499 976 611 1078; x_wconf 88' lang='lat' dir='ltr'><strong>Epist.</strong></span> <span class='ocrx_word' id='word_1_34' title='bbox 639 997 667 1051; x_wconf 90' lang='lat'><strong>11</strong></span> <span class='ocrx_word' id='word_1_35' title='bbox 678 1033 688 1066; x_wconf 84' lang='lat'>‚</span> <span class='ocrx_word' id='word_1_36' title='bbox 705 977 802 1068; x_wconf 83' lang='lat' dir='ltr'><strong>loco,</strong></span> <span class='ocrx_word' id='word_1_37' title='bbox 827 1006 864 1053; x_wconf 86' lang='lat' dir='ltr'><strong>ae</strong></span> <span class='ocrx_word' id='word_1_38' title='bbox 885 977 1003 1066; x_wconf 79' lang='lat' dir='ltr'><strong>Cotta,</strong></span> <span class='ocrx_word' id='word_1_39' title='bbox 1024 981 1078 1055; x_wconf 83' lang='lat' dir='ltr'><strong>sui</strong></span> <span class='ocrx_word' id='word_1_40' title='bbox 1094 982 1213 1061; x_wconf 83' lang='lat' dir='ltr'><strong>inseri-</strong></span> 
     </span>
     <span class='ocr_line' id='line_1_6' title="bbox 132 1090 1212 1194; baseline 0.008 -30"><span class='ocrx_word' id='word_1_41' title='bbox 132 1090 245 1179; x_wconf 83' lang='lat' dir='ltr'><strong>bitur,</strong></span> <span class='ocrx_word' id='word_1_42' title='bbox 256 1092 384 1191; x_wconf 66' lang='lat' dir='ltr'><strong>genen&#39;¹</strong></span> <span class='ocrx_word' id='word_1_43' title='bbox 398 1091 624 1166; x_wconf 85' lang='lat' dir='ltr'><strong>necessariam.</strong></span> <span class='ocrx_word' id='word_1_44' title='bbox 638 1090 771 1165; x_wconf 85' lang='lat' dir='ltr'>Scilicet</span> <span class='ocrx_word' id='word_1_45' title='bbox 784 1091 929 1166; x_wconf 81' lang='lat' dir='ltr'><strong>Ovidius</strong></span> <span class='ocrx_word' id='word_1_46' title='bbox 938 1093 978 1167; x_wconf 88' lang='lat' dir='ltr'><strong>de</strong></span> <span class='ocrx_word' id='word_1_47' title='bbox 990 1093 1090 1194; x_wconf 87' lang='lat' dir='ltr'><strong>hujus</strong></span> <span class='ocrx_word' id='word_1_48' title='bbox 1104 1097 1212 1174; x_wconf 82' lang='lat' dir='ltr'><strong>Cotta</strong></span> 
     </span>
     <span class='ocr_line' id='line_1_7' title="bbox 132 1206 855 1309; baseline 0.004 -30"><span class='ocrx_word' id='word_1_49' title='bbox 132 1207 267 1281; x_wconf 87' lang='lat' dir='ltr'><strong>man&#39;bas</strong></span> <span class='ocrx_word' id='word_1_50' title='bbox 279 1206 436 1309; x_wconf 83' lang='lat' dir='ltr'><strong>loquens,</strong></span> <span class='ocrx_word' id='word_1_51' title='bbox 453 1207 548 1281; x_wconf 89' lang='lat' dir='ltr'><strong>addit</strong></span> <span class='ocrx_word' id='word_1_52' title='bbox 563 1235 648 1281; x_wconf 83' lang='lat' dir='ltr'><strong>vers.</strong></span> <span class='ocrx_word' id='word_1_53' title='bbox 673 1207 831 1282; x_wconf 88' lang='lat'>105-108</span> <span class='ocrx_word' id='word_1_54' title='bbox 848 1240 855 1282; x_wconf 92' lang='lat'>:</span> 
     </span>
    </p>
   </div>
   <div class='ocr_carea' id='block_1_4' title="bbox 298 1355 1036 1698">
    <p class='ocr_par' dir='ltr' id='par_1_4' title="bbox 301 1355 979 1517">
     <span class='ocr_line' id='line_1_8' title="bbox 301 1355 979 1426; baseline 0.004 -18"><span class='ocrx_word' id='word_1_55' title='bbox 301 1355 378 1426; x_wconf 88' lang='lat' dir='ltr'><strong>Quos</strong></span> <span class='ocrx_word' id='word_1_56' title='bbox 393 1358 500 1410; x_wconf 85' lang='lat' dir='ltr'><strong>Volesus</strong></span> <span class='ocrx_word' id='word_1_57' title='bbox 504 1360 590 1423; x_wconf 75' lang='lat' dir='ltr'><strong>petat·</strong></span> <span class='ocrx_word' id='word_1_58' title='bbox 599 1366 739 1426; x_wconf 69' lang='lat' dir='ltr'><strong>eognmcat</strong></span> <span class='ocrx_word' id='word_1_59' title='bbox 753 1362 863 1411; x_wconf 67' lang='lat' dir='ltr'><strong>nomiari</strong></span> <span class='ocrx_word' id='word_1_60' title='bbox 871 1367 979 1423; x_wconf 56' lang='lat' dir='ltr'><strong>aaaron</strong></span> 
     </span>
     <span class='ocr_line' id='line_1_9' title="bbox 333 1445 964 1517; baseline 0.005 -17"><span class='ocrx_word' id='word_1_61' title='bbox 333 1445 411 1516; x_wconf 84' lang='lat' dir='ltr'><strong>Quos</strong></span> <span class='ocrx_word' id='word_1_62' title='bbox 424 1449 508 1500; x_wconf 81' lang='lat' dir='ltr'><strong>Narra</strong></span> <span class='ocrx_word' id='word_1_63' title='bbox 518 1456 645 1501; x_wconf 68' lang='lat' dir='ltr'><strong>metemus</strong></span> <span class='ocrx_word' id='word_1_64' title='bbox 658 1466 713 1502; x_wconf 90' lang='lat' dir='ltr'><strong>non</strong></span> <span class='ocrx_word' id='word_1_65' title='bbox 726 1458 808 1517; x_wconf 73' lang='lat' dir='ltr'><strong>neget</strong></span> <span class='ocrx_word' id='word_1_66' title='bbox 819 1468 874 1503; x_wconf 85' lang='lat' dir='ltr'><strong>esse</strong></span> <span class='ocrx_word' id='word_1_67' title='bbox 886 1468 964 1504; x_wconf 74' lang='lat' dir='ltr'><strong>auosz</strong></span> 
     </span>
    </p>

    <p class='ocr_par' dir='ltr' id='par_1_5' title="bbox 298 1537 1036 1698">
     <span class='ocr_line' id='line_1_10' title="bbox 298 1537 1036 1610; baseline 0.009 -20"><span class='ocrx_word' id='word_1_68' title='bbox 298 1539 477 1608; x_wconf 74' lang='lat' dir='ltr'><strong>Antsc‘rtqne</strong></span> <span class='ocrx_word' id='word_1_69' title='bbox 490 1537 604 1608; x_wconf 77' lang='lat' dir='ltr'>probent</span> <span class='ocrx_word' id='word_1_70' title='bbox 615 1538 730 1610; x_wconf 75' lang='lat' dir='ltr'><strong>genitiva</strong></span> <span class='ocrx_word' id='word_1_71' title='bbox 741 1539 773 1593; x_wconf 85' lang='lat' dir='ltr'><strong>ad</strong></span> <span class='ocrx_word' id='word_1_72' title='bbox 785 1539 896 1595; x_wconf 86' lang='lat' dir='ltr'><strong>nomina</strong></span> <span class='ocrx_word' id='word_1_73' title='bbox 908 1541 1017 1596; x_wconf 77' lang='lat' dir='ltr'><strong>Co‘r‘rttt</strong></span> <span class='ocrx_word' id='word_1_74' title='bbox 1029 1564 1036 1608; x_wconf 88' lang='lat'>;</span> 
     </span>
     <span class='ocr_line' id='line_1_11' title="bbox 331 1630 833 1698; baseline 0.004 -15"><span class='ocrx_word' id='word_1_75' title='bbox 331 1630 360 1683; x_wconf 85' lang='lat' dir='ltr'><strong>Si</strong></span> <span class='ocrx_word' id='word_1_76' title='bbox 372 1641 400 1685; x_wconf 91' lang='lat' dir='ltr'><strong>tu</strong></span> <span class='ocrx_word' id='word_1_77' title='bbox 413 1649 468 1684; x_wconf 88' lang='lat' dir='ltr'><strong>non</strong></span> <span class='ocrx_word' id='word_1_78' title='bbox 481 1650 564 1698; x_wconf 84' lang='lat' dir='ltr'><strong>esses,</strong></span> <span class='ocrx_word' id='word_1_79' title='bbox 578 1631 717 1685; x_wconf 87' lang='lat' dir='ltr'><strong>interitura</strong></span> <span class='ocrx_word' id='word_1_80' title='bbox 730 1631 833 1685; x_wconf 84' lang='lat' dir='ltr'><strong>domus.</strong></span> 
     </span>
    </p>
   </div>
   <div class='ocr_carea' id='block_1_5' title="bbox 135 1756 1215 1979">
    <p class='ocr_par' dir='ltr' id='par_1_6' title="bbox 135 1756 1215 1979">
     <span class='ocr_line' id='line_1_12' title="bbox 137 1756 1215 1861; baseline 0.005 -30"><span class='ocrx_word' id='word_1_81' title='bbox 137 1759 261 1860; x_wconf 85' lang='lat' dir='ltr'><strong>quibus</strong></span> <span class='ocrx_word' id='word_1_82' title='bbox 280 1760 403 1832; x_wconf 81' lang='lat' dir='ltr'><strong>Noster</strong></span> <span class='ocrx_word' id='word_1_83' title='bbox 424 1757 607 1854; x_wconf 81' lang='lat' dir='ltr'><strong>signifieat,</strong></span> <span class='ocrx_word' id='word_1_84' title='bbox 630 1756 754 1861; x_wconf 81' lang='lat' dir='ltr'><strong>Cottam</strong></span> <span class='ocrx_word' id='word_1_85' title='bbox 770 1788 811 1833; x_wconf 86' lang='lat' dir='ltr'><strong>ex</strong></span> <span class='ocrx_word' id='word_1_86' title='bbox 831 1756 1031 1851; x_wconf 82' lang='lat' dir='ltr'><strong>Valeriorum</strong></span> <span class='ocrx_word' id='word_1_87' title='bbox 1054 1761 1215 1836; x_wconf 83' lang='lat' dir='ltr'><strong>Messala-</strong></span> 
     </span>
     <span class='ocr_line' id='line_1_13' title="bbox 135 1875 1211 1979; baseline 0.006 -30"><span class='ocrx_word' id='word_1_88' title='bbox 135 1905 200 1949; x_wconf 86' lang='lat' dir='ltr'><strong>ram</strong></span> <span class='ocrx_word' id='word_1_89' title='bbox 218 1892 316 1971; x_wconf 81' lang='lat' dir='ltr'><strong>gente</strong></span> <span class='ocrx_word' id='word_1_90' title='bbox 334 1892 537 1976; x_wconf 79' lang='lat' dir='ltr'><strong>perpetrem</strong></span> <span class='ocrx_word' id='word_1_91' title='bbox 555 1893 668 1950; x_wconf 90' lang='lat' dir='ltr'><strong>ortum</strong></span> <span class='ocrx_word' id='word_1_92' title='bbox 683 1875 833 1965; x_wconf 84' lang='lat' dir='ltr'><strong>trahere3</strong></span> <span class='ocrx_word' id='word_1_93' title='bbox 854 1877 979 1979; x_wconf 83' lang='lat' dir='ltr'>quippe</span> <span class='ocrx_word' id='word_1_94' title='bbox 996 1906 1077 1973; x_wconf 83' lang='lat' dir='ltr'><strong>gens</strong></span> <span class='ocrx_word' id='word_1_95' title='bbox 1096 1908 1154 1953; x_wconf 91' lang='lat' dir='ltr'><strong>sua</strong></span> <span class='ocrx_word' id='word_1_96' title='bbox 1169 1882 1211 1955; x_wconf 92' lang='lat' dir='ltr'><strong>ab</strong></span> 
     </span>
    </p>
   </div>
   <div class='ocr_carea' id='block_1_6' title="bbox 137 1989 1214 2211">
    <p class='ocr_par' dir='ltr' id='par_1_7' title="bbox 137 1989 1214 2211">
     <span class='ocr_line' id='line_1_14' title="bbox 137 1989 1214 2099; baseline 0.007 -35"><span class='ocrx_word' id='word_1_97' title='bbox 137 1994 274 2093; x_wconf 88' lang='lat' dir='ltr'><strong>antiquo</strong></span> <span class='ocrx_word' id='word_1_98' title='bbox 292 1989 406 2065; x_wconf 77' lang='lat' dir='ltr'><strong>Volesi</strong></span> <span class='ocrx_word' id='word_1_99' title='bbox 413 2000 425 2029; x_wconf 86' lang='lat'>²</span> <span class='ocrx_word' id='word_1_100' title='bbox 442 2008 614 2066; x_wconf 87' lang='lat' dir='ltr'><strong>stemmate</strong></span> <span class='ocrx_word' id='word_1_101' title='bbox 629 2021 752 2067; x_wconf 84' lang='lat' dir='ltr'><strong>nomen</strong></span> <span class='ocrx_word' id='word_1_102' title='bbox 769 1993 960 2083; x_wconf 78' lang='lat' dir='ltr'>derivabat,</span> <span class='ocrx_word' id='word_1_103' title='bbox 979 2012 1012 2067; x_wconf 84' lang='lat' dir='ltr'><strong>et</strong></span> <span class='ocrx_word' id='word_1_104' title='bbox 1029 1997 1087 2097; x_wconf 89' lang='lat' dir='ltr'><strong>qui</strong></span> <span class='ocrx_word' id='word_1_105' title='bbox 1104 1998 1214 2099; x_wconf 89' lang='lat' dir='ltr'><strong>primo</strong></span> 
     </span>
     <span class='ocr_line' id='line_1_15' title="bbox 138 2098 1214 2211; baseline 0.009 -31"><span class='ocrx_word' id='word_1_106' title='bbox 138 2106 182 2180; x_wconf 88' lang='lat' dir='ltr'><em>V</em></span> <span class='ocrx_word' id='word_1_107' title='bbox 174 2108 262 2181; x_wconf 79' lang='lat' dir='ltr'><strong>alesti</strong></span> <span class='ocrx_word' id='word_1_108' title='bbox 271 2124 305 2181; x_wconf 89' lang='lat' dir='ltr'><strong>et</strong></span> <span class='ocrx_word' id='word_1_109' title='bbox 320 2104 363 2178; x_wconf 87' lang='lat' dir='ltr'><em>V</em></span> <span class='ocrx_word' id='word_1_110' title='bbox 356 2106 450 2180; x_wconf 83' lang='lat' dir='ltr'><strong>alasii</strong></span> <span class='ocrx_word' id='word_1_111' title='bbox 464 2106 595 2180; x_wconf 82' lang='lat' dir='ltr'><strong>fuerant</strong></span> <span class='ocrx_word' id='word_1_112' title='bbox 613 2106 715 2197; x_wconf 86' lang='lat' dir='ltr'><strong>dicti,</strong></span> <span class='ocrx_word' id='word_1_113' title='bbox 737 2098 853 2211; x_wconf 87' lang='lat' dir='ltr'><strong>postea</strong></span> <span class='ocrx_word' id='word_1_114' title='bbox 869 2128 903 2184; x_wconf 86' lang='lat' dir='ltr'><strong>et</strong></span> <span class='ocrx_word' id='word_1_115' title='bbox 922 2108 964 2184; x_wconf 89' lang='lat' dir='ltr'><em>V</em></span> <span class='ocrx_word' id='word_1_116' title='bbox 959 2112 1050 2187; x_wconf 84' lang='lat' dir='ltr'><strong>alerii</strong></span> <span class='ocrx_word' id='word_1_117' title='bbox 1062 2133 1142 2188; x_wconf 89' lang='lat' dir='ltr'><strong>sunt</strong></span> <span class='ocrx_word' id='word_1_118' title='bbox 1157 2146 1214 2189; x_wconf 83' lang='lat' dir='ltr'><strong>vo-</strong></span> 
     </span>
    </p>
   </div>
   <div class='ocr_carea' id='block_1_7' title="bbox 138 2223 1214 2560">
    <p class='ocr_par' dir='ltr' id='par_1_8' title="bbox 138 2223 1214 2560">
     <span class='ocr_line' id='line_1_16' title="bbox 139 2223 1214 2315; baseline 0.007 -17"><span class='ocrx_word' id='word_1_119' title='bbox 139 2226 222 2315; x_wconf 84' lang='lat' dir='ltr'><strong>cati,</strong></span> <span class='ocrx_word' id='word_1_120' title='bbox 243 2243 283 2299; x_wconf 89' lang='lat' dir='ltr'><strong>ut</strong></span> <span class='ocrx_word' id='word_1_121' title='bbox 298 2243 387 2299; x_wconf 88' lang='lat' dir='ltr'><strong>recte</strong></span> <span class='ocrx_word' id='word_1_122' title='bbox 407 2223 448 2298; x_wconf 87' lang='lat' dir='ltr'><strong>cl.</strong></span> <span class='ocrx_word' id='word_1_123' title='bbox 465 2224 539 2299; x_wconf 73' lang='lat' dir='ltr'><strong>Nir.</strong></span> <span class='ocrx_word' id='word_1_124' title='bbox 557 2223 719 2299; x_wconf 81' lang='lat' dir='ltr'><strong>Heinsius</strong></span> <span class='ocrx_word' id='word_1_125' title='bbox 735 2227 874 2299; x_wconf 83' lang='lat' dir='ltr'><strong>notavit.</strong></span> <span class='ocrx_word' id='word_1_126' title='bbox 893 2229 942 2301; x_wconf 75' lang='lat' dir='ltr'><strong>At</strong></span> <span class='ocrx_word' id='word_1_127' title='bbox 957 2226 1043 2301; x_wconf 89' lang='lat' dir='ltr'><strong>male</strong></span> <span class='ocrx_word' id='word_1_128' title='bbox 1058 2259 1135 2304; x_wconf 82' lang='lat' dir='ltr'><strong>mox</strong></span> <span class='ocrx_word' id='word_1_129' title='bbox 1153 2232 1214 2305; x_wconf 84' lang='lat' dir='ltr'><strong>ad·</strong></span> 
     </span>
     <span class='ocr_line' id='line_1_17' title="bbox 139 2338 1213 2444; baseline 0.005 -27"><span class='ocrx_word' id='word_1_130' title='bbox 139 2342 206 2432; x_wconf 84' lang='lat' dir='ltr'><strong>dit,</strong></span> <span class='ocrx_word' id='word_1_131' title='bbox 227 2343 388 2419; x_wconf 80' lang='lat' dir='ltr'><strong>Ovidium</strong></span> <span class='ocrx_word' id='word_1_132' title='bbox 404 2338 489 2420; x_wconf 73' lang='lat' dir='ltr'><strong>vers.</strong></span> <span class='ocrx_word' id='word_1_133' title='bbox 512 2368 577 2443; x_wconf 86' lang='lat'><strong>107</strong></span> <span class='ocrx_word' id='word_1_134' title='bbox 597 2342 753 2431; x_wconf 88' lang='lat' dir='ltr'><strong>inuuere,</strong></span> <span class='ocrx_word' id='word_1_135' title='bbox 772 2343 905 2417; x_wconf 81' lang='lat' dir='ltr'><strong>Cottam</strong></span> <span class='ocrx_word' id='word_1_136' title='bbox 918 2342 1081 2444; x_wconf 81' lang='lat' dir='ltr'><strong>adoptione</strong></span> <span class='ocrx_word' id='word_1_137' title='bbox 1091 2347 1123 2419; x_wconf 84' lang='lat' dir='ltr'><strong>ia</strong></span> <span class='ocrx_word' id='word_1_138' title='bbox 1136 2350 1213 2423; x_wconf 85' lang='lat' dir='ltr'><strong>Aa·</strong></span> 
     </span>
     <span class='ocr_line' id='line_1_18' title="bbox 138 2456 1213 2560; baseline 0.003 -26"><span class='ocrx_word' id='word_1_139' title='bbox 138 2460 243 2534; x_wconf 71' lang='lat' dir='ltr'><strong>aleam</strong></span> <span class='ocrx_word' id='word_1_140' title='bbox 265 2457 425 2535; x_wconf 84' lang='lat' dir='ltr'><strong>Cottarum</strong></span> <span class='ocrx_word' id='word_1_141' title='bbox 432 2458 593 2560; x_wconf 76' lang='lat' dir='ltr'><strong>familiam</strong></span> <span class='ocrx_word' id='word_1_142' title='bbox 613 2459 756 2532; x_wconf 81' lang='lat' dir='ltr'><strong>transisse</strong></span> <span class='ocrx_word' id='word_1_143' title='bbox 781 2456 806 2531; x_wconf 79' lang='lat'><strong>³.</strong></span> <span class='ocrx_word' id='word_1_144' title='bbox 830 2459 965 2533; x_wconf 85' lang='lat' dir='ltr'><strong>Etenim</strong></span> <span class='ocrx_word' id='word_1_145' title='bbox 988 2463 1112 2535; x_wconf 80' lang='lat' dir='ltr'><strong>Noster</strong></span> <span class='ocrx_word' id='word_1_146' title='bbox 1128 2461 1213 2538; x_wconf 86' lang='lat' dir='ltr'><strong>clare</strong></span> 
     </span>
    </p>
   </div>
   <div class='ocr_carea' id='block_1_8' title="bbox 139 2573 1213 2792">
    <p class='ocr_par' dir='ltr' id='par_1_9' title="bbox 139 2573 1213 2792">
     <span class='ocr_line' id='line_1_19' title="bbox 139 2573 1213 2676; baseline 0.003 -27"><span class='ocrx_word' id='word_1_147' title='bbox 139 2576 235 2651; x_wconf 86' lang='lat' dir='ltr'><strong>docet</strong></span> <span class='ocrx_word' id='word_1_148' title='bbox 259 2574 321 2649; x_wconf 88' lang='lat' dir='ltr'><strong>lib.</strong></span> <span class='ocrx_word' id='word_1_149' title='bbox 346 2578 395 2649; x_wconf 81' lang='lat' dir='ltr'><strong>lv</strong></span> <span class='ocrx_word' id='word_1_150' title='bbox 413 2604 452 2650; x_wconf 83' lang='lat' dir='ltr'><strong>ex</strong></span> <span class='ocrx_word' id='word_1_151' title='bbox 475 2576 613 2661; x_wconf 86' lang='lat' dir='ltr'><strong>Ponto,</strong></span> <span class='ocrx_word' id='word_1_152' title='bbox 637 2576 702 2676; x_wconf 88' lang='lat' dir='ltr'><strong>Ep.</strong></span> <span class='ocrx_word' id='word_1_153' title='bbox 726 2573 788 2649; x_wconf 86' lang='lat' dir='ltr'><strong>ult.</strong></span> <span class='ocrx_word' id='word_1_154' title='bbox 811 2575 919 2650; x_wconf 82' lang='lat' dir='ltr'><strong>Cotta</strong></span> <span class='ocrx_word' id='word_1_155' title='bbox 943 2591 1070 2649; x_wconf 89' lang='lat' dir='ltr'><strong>matrem</strong></span> <span class='ocrx_word' id='word_1_156' title='bbox 1093 2606 1133 2652; x_wconf 81' lang='lat' dir='ltr'><strong>ex</strong></span> <span class='ocrx_word' id='word_1_157' title='bbox 1150 2579 1213 2654; x_wconf 81' lang='lat' dir='ltr'><strong>ista</strong></span> 
     </span>
     <span class='ocr_line' id='line_1_20' title="bbox 140 2689 1186 2792; baseline -0.001 -26"><span class='ocrx_word' id='word_1_158' title='bbox 140 2694 312 2768; x_wconf 81' lang='lat' dir='ltr'><strong>Cottamm</strong></span> <span class='ocrx_word' id='word_1_159' title='bbox 329 2689 467 2766; x_wconf 83' lang='lat' dir='ltr'><strong>Aurelia</strong></span> <span class='ocrx_word' id='word_1_160' title='bbox 483 2689 605 2763; x_wconf 82' lang='lat' dir='ltr'><strong>familia</strong></span> <span class='ocrx_word' id='word_1_161' title='bbox 620 2709 825 2792; x_wconf 84' lang='lat' dir='ltr'><strong>procreatam</strong></span> <span class='ocrx_word' id='word_1_162' title='bbox 842 2691 965 2781; x_wconf 77' lang='lat' dir='ltr'><strong>fuisse,</strong></span> <span class='ocrx_word' id='word_1_163' title='bbox 983 2721 1030 2766; x_wconf 82' lang='lat' dir='ltr'><strong>vs.</strong></span> <span class='ocrx_word' id='word_1_164' title='bbox 1047 2693 1164 2786; x_wconf 73' lang='grc'><strong>4144</strong></span> <span class='ocrx_word' id='word_1_165' title='bbox 1178 2724 1186 2765; x_wconf 86' lang='lat'>:</span> 
     </span>
    </p>
   </div>
   <div class='ocr_carea' id='block_1_9' title="bbox 301 2818 969 3183">
    <p class='ocr_par' dir='ltr' id='par_1_10' title="bbox 303 2818 969 3000">
     <span class='ocr_line' id='line_1_21' title="bbox 303 2818 969 2905; baseline 0 -12"><span class='ocrx_word' id='word_1_166' title='bbox 303 2841 343 2893; x_wconf 85' lang='lat' dir='ltr'><strong>Te</strong></span> <span class='ocrx_word' id='word_1_167' title='bbox 355 2851 445 2893; x_wconf 67' lang='lat' dir='ltr'><strong>umen</strong></span> <span class='ocrx_word' id='word_1_168' title='bbox 458 2839 486 2891; x_wconf 91' lang='lat' dir='ltr'><strong>in</strong></span> <span class='ocrx_word' id='word_1_169' title='bbox 499 2838 576 2892; x_wconf 83' lang='lat' dir='ltr'><strong>turba</strong></span> <span class='ocrx_word' id='word_1_170' title='bbox 587 2822 642 2891; x_wconf 77' lang='lat' dir='ltr'><strong>noir</strong></span> <span class='ocrx_word' id='word_1_171' title='bbox 658 2838 757 2905; x_wconf 88' lang='lat' dir='ltr'><strong>ausim,</strong></span> <span class='ocrx_word' id='word_1_172' title='bbox 774 2840 861 2902; x_wconf 82' lang='lat' dir='ltr'><strong>Cotta,</strong></span> <span class='ocrx_word' id='word_1_173' title='bbox 875 2839 951 2894; x_wconf 86' lang='lat' dir='ltr'><strong>silere</strong></span> <span class='ocrx_word' id='word_1_174' title='bbox 958 2818 969 2903; x_wconf 36' lang='grc'><strong>·,’</strong></span> 
     </span>
     <span class='ocr_line' id='line_1_22' title="bbox 338 2927 884 3000; baseline -0.004 -15"><span class='ocrx_word' id='word_1_175' title='bbox 338 2929 476 2985; x_wconf 83' lang='lat' dir='ltr'><strong>Pieridum</strong></span> <span class='ocrx_word' id='word_1_176' title='bbox 487 2930 595 2996; x_wconf 83' lang='lat' dir='ltr'><strong>lumen,</strong></span> <span class='ocrx_word' id='word_1_177' title='bbox 610 2928 813 3000; x_wconf 78' lang='lat' dir='ltr'><strong>praesidiumque</strong></span> <span class='ocrx_word' id='word_1_178' title='bbox 824 2927 884 2983; x_wconf 83' lang='lat' dir='ltr'><strong>sori.</strong></span> 
     </span>
    </p>

    <p class='ocr_par' dir='ltr' id='par_1_11' title="bbox 301 3021 922 3183">
     <span class='ocr_line' id='line_1_23' title="bbox 301 3021 922 3090; baseline 0.002 -16"><span class='ocrx_word' id='word_1_179' title='bbox 301 3023 432 3076; x_wconf 70' lang='lat' dir='ltr'><strong>Maternae</strong></span> <span class='ocrx_word' id='word_1_180' title='bbox 448 3023 538 3075; x_wconf 79' lang='lat' dir='ltr'><strong>Cottas</strong></span> <span class='ocrx_word' id='word_1_181' title='bbox 549 3021 786 3090; x_wconf 63' lang='lat' dir='ltr'><strong>mittentesque</strong></span> <span class='ocrx_word' id='word_1_182' title='bbox 799 3031 922 3090; x_wconf 86' lang='lat' dir='ltr'><strong>paternos</strong></span> 
     </span>
     <span class='ocr_line' id='line_1_24' title="bbox 335 3111 850 3183; baseline -0.002 -17"><span class='ocrx_word' id='word_1_183' title='bbox 335 3113 452 3167; x_wconf 85' lang='lat' dir='ltr'><strong>Maxima</strong></span> <span class='ocrx_word' id='word_1_184' title='bbox 462 3112 585 3168; x_wconf 82' lang='lat' dir='ltr'><strong>nobilitas</strong></span> <span class='ocrx_word' id='word_1_185' title='bbox 594 3111 758 3183; x_wconf 71' lang='lat' dir='ltr'><strong>ingenunata</strong></span> <span class='ocrx_word' id='word_1_186' title='bbox 769 3111 850 3166; x_wconf 81' lang='lat' dir='ltr'><strong>dedit.</strong></span> 
     </span>
    </p>
   </div>
   <div class='ocr_carea' id='block_1_10' title="bbox 140 3237 1272 3565">
    <p class='ocr_par' dir='ltr' id='par_1_12' title="bbox 140 3237 1272 3565">
     <span class='ocr_line' id='line_1_25' title="bbox 140 3237 1219 3341; baseline 0.002 -27"><span class='ocrx_word' id='word_1_187' title='bbox 140 3242 250 3338; x_wconf 70' lang='lat' dir='ltr'><strong>Igitur</strong></span> <span class='ocrx_word' id='word_1_188' title='bbox 267 3268 371 3341; x_wconf 75' lang='grc' dir='ltr'><strong>φωιι]</strong></span> <span class='ocrx_word' id='word_1_189' title='bbox 389 3238 491 3314; x_wconf 84' lang='lat' dir='ltr'><strong>Cotta</strong></span> <span class='ocrx_word' id='word_1_190' title='bbox 514 3256 609 3340; x_wconf 90' lang='lat' dir='ltr'><strong>pater</strong></span> <span class='ocrx_word' id='word_1_191' title='bbox 624 3256 712 3313; x_wconf 85' lang='lat' dir='ltr'><strong>esset</strong></span> <span class='ocrx_word' id='word_1_192' title='bbox 734 3237 787 3312; x_wconf 88' lang='grc' dir='ltr'><strong>Μ.</strong></span> <span class='ocrx_word' id='word_1_193' title='bbox 808 3237 957 3329; x_wconf 70' lang='lat' dir='ltr'><strong>Valerius</strong></span> <span class='ocrx_word' id='word_1_194' title='bbox 977 3238 1120 3314; x_wconf 86' lang='lat' dir='ltr'><strong>Messala</strong></span> <span class='ocrx_word' id='word_1_195' title='bbox 1138 3239 1219 3317; x_wconf 90' lang='lat' dir='ltr'><strong>Cor-</strong></span> 
     </span>
     <span class='ocr_line' id='line_1_26' title="bbox 141 3354 1217 3457; baseline -0.001 -25"><span class='ocrx_word' id='word_1_196' title='bbox 141 3358 244 3444; x_wconf 68' lang='lat' dir='ltr'><strong>vinus,</strong></span> <span class='ocrx_word' id='word_1_197' title='bbox 264 3355 497 3432; x_wconf 86' lang='lat' dir='ltr'><strong>celeberrimus</strong></span> <span class='ocrx_word' id='word_1_198' title='bbox 509 3354 565 3431; x_wconf 85' lang='lat' dir='ltr'><strong>itte</strong></span> <span class='ocrx_word' id='word_1_199' title='bbox 583 3373 714 3443; x_wconf 85' lang='lat' dir='ltr'><strong>orator,</strong></span> <span class='ocrx_word' id='word_1_200' title='bbox 733 3354 774 3427; x_wconf 86' lang='lat' dir='ltr'><strong>de</strong></span> <span class='ocrx_word' id='word_1_201' title='bbox 789 3355 882 3452; x_wconf 84' lang='lat' dir='ltr'><strong>cujus</strong></span> <span class='ocrx_word' id='word_1_202' title='bbox 896 3373 1002 3428; x_wconf 86' lang='lat' dir='ltr'><strong>morte</strong></span> <span class='ocrx_word' id='word_1_203' title='bbox 1017 3382 1117 3457; x_wconf 86' lang='lat' dir='ltr'><strong>supra</strong></span> <span class='ocrx_word' id='word_1_204' title='bbox 1131 3355 1217 3431; x_wconf 79' lang='lat' dir='ltr'><strong>dixi-</strong></span> 
     </span>
     <span class='ocr_line' id='line_1_27' title="bbox 140 3466 1272 3565; baseline 0 -19"><span class='ocrx_word' id='word_1_205' title='bbox 140 3501 214 3548; x_wconf 89' lang='lat' dir='ltr'><strong>mus</strong></span> <span class='ocrx_word' id='word_1_206' title='bbox 226 3470 270 3546; x_wconf 91' lang='lat' dir='ltr'><strong>ad</strong></span> <span class='ocrx_word' id='word_1_207' title='bbox 282 3501 334 3546; x_wconf 87' lang='lat' dir='ltr'><strong>an.</strong></span> <span class='ocrx_word' id='word_1_208' title='bbox 348 3474 391 3545; x_wconf 90' lang='lat' dir='ltr'><strong>U.</strong></span> <span class='ocrx_word' id='word_1_209' title='bbox 406 3472 444 3545; x_wconf 87' lang='lat' dir='ltr'><strong>C.</strong></span> <span class='ocrx_word' id='word_1_210' title='bbox 460 3488 604 3545; x_wconf 78' lang='lat' dir='ltr'>Dchvll</span> <span class='ocrx_word' id='word_1_211' title='bbox 614 3500 622 3558; x_wconf 91' lang='lat'>;</span> <span class='ocrx_word' id='word_1_212' title='bbox 633 3488 739 3543; x_wconf 87' lang='lat' dir='ltr'><strong>mater</strong></span> <span class='ocrx_word' id='word_1_213' title='bbox 749 3495 828 3543; x_wconf 85' lang='lat' dir='ltr'><strong>vero</strong></span> <span class='ocrx_word' id='word_1_214' title='bbox 841 3468 884 3543; x_wconf 90' lang='lat' dir='ltr'><strong>ab</strong></span> <span class='ocrx_word' id='word_1_215' title='bbox 895 3466 1032 3544; x_wconf 85' lang='lat' dir='ltr'><strong>Aurelia</strong></span> <span class='ocrx_word' id='word_1_216' title='bbox 1042 3470 1217 3546; x_wconf 81' lang='lat' dir='ltr'><strong>Cottarum</strong></span> <span class='ocrx_word' id='word_1_217' title='bbox 1269 3554 1272 3565; x_wconf 34' lang='lat'>¹</span> 
     </span>
    </p>
   </div>
   <div class='ocr_carea' id='block_1_11' title="bbox 140 3664 1218 4178">
    <p class='ocr_par' dir='ltr' id='par_1_13' title="bbox 140 3664 1216 3826">
     <span class='ocr_line' id='line_1_28' title="bbox 174 3664 1216 3741; baseline 0 -18"><span class='ocrx_word' id='word_1_218' title='bbox 174 3672 182 3702; x_wconf 88' lang='lat'><em>¹</em></span> <span class='ocrx_word' id='word_1_219' title='bbox 200 3669 244 3723; x_wconf 87' lang='lat' dir='ltr'><strong>De</strong></span> <span class='ocrx_word' id='word_1_220' title='bbox 256 3687 311 3738; x_wconf 84' lang='lat' dir='ltr'><strong>quo</strong></span> <span class='ocrx_word' id='word_1_221' title='bbox 322 3687 402 3740; x_wconf 71' lang='lat' dir='ltr'><strong>agens</strong></span> <span class='ocrx_word' id='word_1_222' title='bbox 413 3667 549 3723; x_wconf 80' lang='lat' dir='ltr'><strong>Theodor.</strong></span> <span class='ocrx_word' id='word_1_223' title='bbox 561 3666 677 3741; x_wconf 79' lang='lat' dir='ltr'><strong>Ryckius</strong></span> <span class='ocrx_word' id='word_1_224' title='bbox 686 3666 757 3721; x_wconf 80' lang='lat' dir='ltr'><strong>varie</strong></span> <span class='ocrx_word' id='word_1_225' title='bbox 769 3674 858 3733; x_wconf 79' lang='lat' dir='ltr'><strong>errat,</strong></span> <span class='ocrx_word' id='word_1_226' title='bbox 870 3675 925 3719; x_wconf 81' lang='lat' dir='ltr'><strong>not</strong></span> <span class='ocrx_word' id='word_1_227' title='bbox 936 3664 968 3719; x_wconf 85' lang='lat' dir='ltr'><strong>ad</strong></span> <span class='ocrx_word' id='word_1_228' title='bbox 978 3665 1061 3720; x_wconf 84' lang='lat' dir='ltr'><strong>Tacit.</strong></span> <span class='ocrx_word' id='word_1_229' title='bbox 1073 3666 1146 3720; x_wconf 78' lang='lat' dir='ltr'><strong>Ann</strong></span> <span class='ocrx_word' id='word_1_230' title='bbox 1162 3667 1216 3735; x_wconf 80' lang='lat' dir='ltr'><strong>tlt,</strong></span> 
     </span>
     <span class='ocr_line' id='line_1_29' title="bbox 140 3755 1034 3826; baseline -0.004 0"><span class='ocrx_word' id='word_1_231' title='bbox 140 3755 500 3826; x_wconf 51' lang='lat' dir='ltr'><strong>mastmllmasssr·</strong></span> <span class='ocrx_word' id='word_1_232' title='bbox 1031 3794 1034 3801; x_wconf 92' lang='lat'>·</span> 
     </span>
    </p>

    <p class='ocr_par' dir='ltr' id='par_1_14' title="bbox 141 3844 1218 3999">
     <span class='ocr_line' id='line_1_30' title="bbox 172 3844 1218 3916; baseline -0.003 -13"><span class='ocrx_word' id='word_1_233' title='bbox 172 3848 317 3903; x_wconf 77' lang='lat' dir='ltr'><strong>&#39;Rutilius</strong></span> <span class='ocrx_word' id='word_1_234' title='bbox 334 3848 362 3901; x_wconf 92' lang='lat' dir='ltr'><strong>in</strong></span> <span class='ocrx_word' id='word_1_235' title='bbox 380 3846 521 3902; x_wconf 86' lang='lat' dir='ltr'><strong>ltineran&#39;o</strong></span> <span class='ocrx_word' id='word_1_236' title='bbox 542 3849 635 3901; x_wconf 82' lang='lat' dir='ltr'><strong>Volusi</strong></span> <span class='ocrx_word' id='word_1_237' title='bbox 650 3845 749 3900; x_wconf 84' lang='lat' dir='ltr'><strong>habet:</strong></span> <span class='ocrx_word' id='word_1_238' title='bbox 768 3868 781 3891; x_wconf 75' lang='lat' dir='ltr'><strong>s</strong></span> <span class='ocrx_word' id='word_1_239' title='bbox 802 3845 859 3916; x_wconf 88' lang='lat' dir='ltr'><strong>Qui</strong></span> <span class='ocrx_word' id='word_1_240' title='bbox 881 3847 975 3900; x_wconf 76' lang='lat' dir='ltr'><strong>Volesi</strong></span> <span class='ocrx_word' id='word_1_241' title='bbox 989 3844 1100 3914; x_wconf 86' lang='lat' dir='ltr'><strong>antiquo</strong></span> <span class='ocrx_word' id='word_1_242' title='bbox 1116 3844 1218 3900; x_wconf 76' lang='lat' dir='ltr'><strong>derivat</strong></span> 
     </span>
     <span class='ocr_line' id='line_1_31' title="bbox 141 3925 1043 3999; baseline -0.009 -13"><span class='ocrx_word' id='word_1_243' title='bbox 141 3940 279 3986; x_wconf 65' lang='lat' dir='ltr'><strong>manate</strong></span> <span class='ocrx_word' id='word_1_244' title='bbox 292 3948 409 3995; x_wconf 75' lang='lat' dir='ltr'><strong>mma,</strong></span> <span class='ocrx_word' id='word_1_245' title='bbox 423 3929 459 3983; x_wconf 87' lang='lat' dir='ltr'><strong>Et</strong></span> <span class='ocrx_word' id='word_1_246' title='bbox 469 3946 544 3999; x_wconf 72' lang='lat' dir='ltr'><strong>reges</strong></span> <span class='ocrx_word' id='word_1_247' title='bbox 556 3928 686 3995; x_wconf 85' lang='lat' dir='ltr'><strong>Rutulos,</strong></span> <span class='ocrx_word' id='word_1_248' title='bbox 699 3938 769 3982; x_wconf 81' lang='lat' dir='ltr'><strong>teste</strong></span> <span class='ocrx_word' id='word_1_249' title='bbox 779 3926 912 3993; x_wconf 84' lang='lat' dir='ltr'><strong>Marone,</strong></span> <span class='ocrx_word' id='word_1_250' title='bbox 925 3925 1017 3979; x_wconf 80' lang='lat' dir='ltr'><strong>refert</strong></span> <span class='ocrx_word' id='word_1_251' title='bbox 1030 3948 1043 3972; x_wconf 70' lang='lat' dir='ltr'><strong>a</strong></span> 
     </span>
    </p>

    <p class='ocr_par' dir='ltr' id='par_1_15' title="bbox 143 4015 1218 4178">
     <span class='ocr_line' id='line_1_32' title="bbox 171 4015 1218 4090; baseline -0.004 -15"><span class='ocrx_word' id='word_1_252' title='bbox 171 4019 183 4053; x_wconf 86' lang='lat'>³</span> <span class='ocrx_word' id='word_1_253' title='bbox 199 4020 284 4090; x_wconf 88' lang='lat' dir='ltr'><strong>Quod</strong></span> <span class='ocrx_word' id='word_1_254' title='bbox 296 4031 323 4074; x_wconf 91' lang='lat' dir='ltr'><strong>et</strong></span> <span class='ocrx_word' id='word_1_255' title='bbox 333 4020 487 4089; x_wconf 73' lang='lat' dir='ltr'><strong>nuperrime</strong></span> <span class='ocrx_word' id='word_1_256' title='bbox 500 4017 531 4073; x_wconf 84' lang='lat' dir='ltr'><strong>ci.</strong></span> <span class='ocrx_word' id='word_1_257' title='bbox 551 4021 753 4090; x_wconf 70' lang='lat' dir='ltr'><strong>eraktaysee</strong></span> <span class='ocrx_word' id='word_1_258' title='bbox 770 4016 937 4085; x_wconf 80' lang='lat' dir='ltr'><strong>adfirmavit,</strong></span> <span class='ocrx_word' id='word_1_259' title='bbox 958 4028 1014 4071; x_wconf 86' lang='lat' dir='ltr'><strong>not.</strong></span> <span class='ocrx_word' id='word_1_260' title='bbox 1028 4016 1061 4070; x_wconf 89' lang='lat' dir='ltr'><strong>ad</strong></span> <span class='ocrx_word' id='word_1_261' title='bbox 1076 4015 1172 4071; x_wconf 79' lang='lat' dir='ltr'><strong>Titult</strong></span> <span class='ocrx_word' id='word_1_262' title='bbox 1190 4028 1218 4071; x_wconf 88' lang='lat' dir='ltr'><strong>et</strong></span> 
     </span>
     <span class='ocr_line' id='line_1_33' title="bbox 143 4103 1217 4178; baseline -0.006 -15"><span class='ocrx_word' id='word_1_263' title='bbox 143 4107 221 4176; x_wconf 79' lang='lat' dir='ltr'><strong>paulo</strong></span> <span class='ocrx_word' id='word_1_264' title='bbox 231 4119 294 4163; x_wconf 88' lang='lat' dir='ltr'><strong>ante</strong></span> <span class='ocrx_word' id='word_1_265' title='bbox 307 4107 411 4162; x_wconf 81' lang='lat' dir='ltr'><strong>Theod.</strong></span> <span class='ocrx_word' id='word_1_266' title='bbox 424 4105 540 4178; x_wconf 65' lang='lat' dir='ltr'><strong>nyctim</strong></span> <span class='ocrx_word' id='word_1_267' title='bbox 553 4116 610 4158; x_wconf 88' lang='lat' dir='ltr'><strong>not.</strong></span> <span class='ocrx_word' id='word_1_268' title='bbox 623 4103 657 4157; x_wconf 83' lang='lat' dir='ltr'><strong>ad</strong></span> <span class='ocrx_word' id='word_1_269' title='bbox 670 4104 753 4159; x_wconf 81' lang='lat' dir='ltr'><strong>Tasit</strong></span> <span class='ocrx_word' id='word_1_270' title='bbox 769 4115 835 4161; x_wconf 71' lang='lat' dir='ltr'><strong>tout</strong></span> <span class='ocrx_word' id='word_1_271' title='bbox 847 4104 892 4170; x_wconf 86' lang='lat'><strong>11,</strong></span> <span class='ocrx_word' id='word_1_272' title='bbox 912 4123 971 4173; x_wconf 70' lang='lat' dir='ltr'><strong>pag.</strong></span> <span class='ocrx_word' id='word_1_273' title='bbox 988 4104 1035 4170; x_wconf 83' lang='grc'><strong>58,</strong></span> <span class='ocrx_word' id='word_1_274' title='bbox 1053 4113 1217 4174; x_wconf 72' lang='lat' dir='ltr'><strong>sequntur,</strong></span> 
     </span>
    </p>
   </div>
   <div class='ocr_carea' id='block_1_12' title="bbox 142 4187 1216 4332">
    <p class='ocr_par' dir='ltr' id='par_1_16' title="bbox 142 4187 1216 4332">
     <span class='ocr_line' id='line_1_34' title="bbox 142 4187 1216 4329; baseline -0.006 -81"><span class='ocrx_word' id='word_1_275' title='bbox 142 4193 238 4329; x_wconf 51' lang='lat' dir='ltr'><strong>acchillam</strong></span> <span class='ocrx_word' id='word_1_276' title='bbox 250 4192 414 4247; x_wconf 82' lang='lat' dir='ltr'><strong>Scholiasten</strong></span> <span class='ocrx_word' id='word_1_277' title='bbox 426 4190 511 4247; x_wconf 82' lang='lat' dir='ltr'><strong>Persii</strong></span> <span class='ocrx_word' id='word_1_278' title='bbox 524 4187 557 4243; x_wconf 87' lang='lat' dir='ltr'><strong>ad</strong></span> <span class='ocrx_word' id='word_1_279' title='bbox 570 4188 624 4244; x_wconf 79' lang='lat' dir='ltr'><strong>sas.</strong></span> <span class='ocrx_word' id='word_1_280' title='bbox 636 4189 681 4257; x_wconf 85' lang='lat'><strong>11,</strong></span> <span class='ocrx_word' id='word_1_281' title='bbox 693 4208 759 4244; x_wconf 75' lang='lat' dir='ltr'><strong>vers</strong></span> <span class='ocrx_word' id='word_1_282' title='bbox 774 4210 822 4258; x_wconf 67' lang='lat' dir='ltr'><strong>aa,</strong></span> <span class='ocrx_word' id='word_1_283' title='bbox 834 4190 912 4258; x_wconf 70' lang='lat' dir='ltr'><strong>caiae</strong></span> <span class='ocrx_word' id='word_1_284' title='bbox 921 4189 1010 4245; x_wconf 79' lang='lat' dir='ltr'><strong>losum</strong></span> <span class='ocrx_word' id='word_1_285' title='bbox 1026 4189 1130 4259; x_wconf 71' lang='lat' dir='ltr'><strong>proiert</strong></span> <span class='ocrx_word' id='word_1_286' title='bbox 1154 4189 1216 4261; x_wconf 81' lang='lat' dir='ltr'><strong>Ry-</strong></span> 
     </span>
     <span class='ocr_line' id='line_1_35' title="bbox 174 4276 285 4332; baseline 0.018 -3"><span class='ocrx_word' id='word_1_287' title='bbox 174 4276 212 4329; x_wconf 85' lang='lat' dir='ltr'><strong>‘us</strong></span> <span class='ocrx_word' id='word_1_288' title='bbox 222 4276 285 4332; x_wconf 82' lang='lat' dir='ltr'><strong>ibid.</strong></span> 
     </span>
    </p>
   </div>
   <div class='ocr_carea' id='block_1_13' title="bbox 0 0 1597 5134">
    <p class='ocr_par' dir='ltr' id='par_1_17' title="bbox 0 0 1597 5134">
     <span class='ocr_line' id='line_1_36' title="bbox 0 0 1597 5134; baseline 0 0"><span class='ocrx_word' id='word_1_289' title='bbox 0 0 1597 5134; x_wconf 95' lang='lat' dir='ltr'><strong> </strong></span> 
     </span>
    </p>
   </div>
  </div>
 </body>
</html>
