3159 5134
449 551 506 618 rn
529 550 714 620 ovtnn
738 552 861 619 1n1n.
1148 556 1192 647 ⁵9

116 689 183 777 lat,
200 688 410 783 Praesertim,
432 689 485 764 lib,
504 690 533 764 Ι
541 691 587 764 ml
600 691 730 765 Stellam
740 721 753 777 ,·
769 720 906 778 rursus,
922 690 1056 789 Prosot.
1074 691 1127 767 lib.
1146 690 1200 767 II
1252 742 1257 753 ,

118 805 164 879 od
169 805 333 879 Meliorem
350 805 520 891 Acetum
533 807 671 893 iterum,
684 806 817 909 Proesot.
830 808 884 882 lib.
901 806 979 881 III
985 807 1031 881 od
1038 807 1174 881 Polliam
1181 838 1196 893 ;

120 941 154 997 et
162 923 215 996 lib,
228 922 300 997 IV
308 921 511 1027 Heodecosyl.
526 923 572 997 od
579 924 730 999 Plotium.
747 926 842 1023 Quin
854 926 952 999 etiam
964 926 1193 1025 jurisconsulti

124 1067 160 1114 ea
173 1039 336 1123 carmina,
355 1038 479 1139 quibus
491 1038 631 1139 alicujus
643 1042 730 1114 sama
745 1039 993 1144 proscinditur,
1012 1042 1198 1141 cujusmodi

126 1175 201 1233 sunt
217 1158 282 1231 ista
297 1157 479 1243 ovidiana,
490 1159 761 1251 famosos'libellos
775 1176 905 1232 vocant.
919 1161 996 1232 llaec
1009 1179 1119 1234 autem
1132 1161 1196 1233 mi-

125 1300 204 1344 nora
228 1270 370 1345 sortasse
391 1271 613 1359 ridebuntur,
631 1300 728 1372 quam
745 1290 784 1346 ut
800 1272 1081 1346 animadversione
1097 1274 1198 1369 digna

126 1404 242 1460 essent.
263 1387 385 1461 Porum
405 1386 491 1460 enim
505 1387 694 1488 reipublicae
709 1387 859 1463 literariae
874 1389 1010 1464 interest
1027 1390 1123 1463 Dira
1137 1417 1199 1471 ne,

125 1530 165 1574 an
186 1502 334 1576 Libellus
348 1500 414 1575 hoc
428 1502 620 1603 poemation
636 1503 838 1578 inscribatur
859 1535 866 1578 :
887 1533 1000 1578 verum
1018 1503 1197 1600 legitimam

126 1619 358 1721 scriptionem,
375 1637 474 1721 atque
493 1620 597 1721 ipsam
613 1623 759 1696 Nasonis
776 1650 911 1696 manum
927 1625 1100 1697 immutare
1117 1622 1203 1696 nulli

125 1767 183 1841 per
197 1766 252 1813 me
270 1737 393 1813 licebit.
412 1741 461 1811 Ut
477 1755 516 1813 ut
533 1730 596 1825 sit,
622 1740 767 1813 Nasonis
783 1758 899 1815 votum
918 1769 1014 1815 omne
1030 1742 1063 1813 in
1081 1740 1201 1829 malis,

127 1855 304 1942 monstris,
322 1855 468 1941 morbis,
495 1854 639 1943 exsiliis,
656 1856 852 1957 suppliciis,
871 1856 998 1958 plagis,
1017 1858 1201 1944 mortibus,

129 1969 317 2069 cujusmodi
334 1998 466 2047 carmen
481 1969 566 2071 litos
581 1970 814 2071 appellabant,
829 1972 921 2071 quod
934 1970 997 2045 illae
1013 1972 1138 2046 scilicet
1149 1971 1204 2045 ul-

130 2087 227 2161 trices
244 2087 326 2167 Dete
343 2087 556 2188 putarentur,
576 2116 716 2187 quarum
738 2088 875 2160 numina
891 2088 1046 2189 precibus
1069 2088 1104 2160 in
1120 2086 1205 2160 hos-

131 2201 230 2288 tium,
244 2220 304 2274 aut
313 2202 523 2277 inimicorum
534 2202 711 2304 perniciem
719 2221 945 2278 evocarentur.
961 2204 1111 2277 Priscum
1120 2200 1206 2276 illud

132 2317 284 2417 quidem,
304 2335 404 2419 atque
420 2318 455 2393 iu
468 2318 576 2393 scenis
587 2319 732 2420 primum
747 2320 928 2416 agitatum,
943 2349 1020 2394 mor
1037 2320 1077 2394 ad
1092 2349 1206 2394 receu-

132 2433 254 2506 tiorum
273 2435 400 2507 animos
410 2434 712 2525 accommodatum,
732 2456 770 2511 ut
783 2437 996 2511 observatum
1010 2456 1061 2512 est
1076 2467 1095 2511 a
1110 2437 1204 2512 lulio

133 2548 318 2644 scaligero,
335 2550 478 2624 Poetices
502 2551 560 2623 lib.
583 2550 630 2642 I,
646 2579 714 2652 cop.
734 2548 790 2625 53.
815 2556 1006 2627 Exornatur
1019 2572 1147 2643 autem,
1165 2542 1205 2628 ot

132 2661 201 2762 ipse
217 2663 287 2751 ait,
310 2664 483 2738 ‘sententiis
500 2693 569 2737 non
587 2662 798 2761 vulgaribus,
825 2684 858 2741 et
873 2666 973 2741 variis
987 2666 1202 2741 historiarum

134 2780 354 2876 ambagibus,
381 2780 492 2882 qualia
516 2781 649 2882 scripsit
677 2781 819 2856 Ovidius
845 2783 878 2855 in
903 2782 990 2856 lbin.
1013 2783 1052 2855 ln
1074 2783 1205 2857 Horatii

134 2898 254 2999 Epodo
271 2895 399 3000 aliquid
416 2899 569 2995 imaginis
586 2916 636 2973 est
650 2928 658 2970 ε
674 2898 862 3000 expressior
878 2897 967 2998 apud
986 2897 1153 2972 Catullum
1168 2899 1204 2971 in

137 3013 289 3088 Ariadne
305 3015 559 3116 conquestione,
583 3032 616 3088 et
637 3014 672 3088 iu
690 3033 810 3116 quarto
827 3014 997 3090 AEneidos.
1024 3018 1107 3089 Item
1133 3046 1205 3118 quae

139 3128 250 3201 fundit
265 3128 436 3203 Statianus
455 3129 629 3230 OEdipus,
652 3149 784 3231 sumpta
803 3131 844 3204 de
864 3132 986 3205 Grecis
1002 3131 1151 3227 tragicis,
1169 3151 1206 3204 ut

142 3266 173 3320 et
187 3249 318 3322 Senecae
333 3248 483 3322 Theseus
502 3274 541 3320 ex
558 3246 730 3349 Euripide.

141 3440 1204 3473 W

498 3557 705 3644 conor
747 3556 842 3643 111.
944 3518 950 3537 '

143 3720 347 3782 monument
358 3743 472 3781 truncti.
489 3742 585 3794 ouans
598 3740 795 3781 cstttnscnns
808 3739 988 3779 seotcontnn
1000 3724 1088 3780 lrtnts
1096 3740 1208 3779 nentur

174 3827 355 3879 orrovsnrr,
373 3827 488 3869 corsuna
505 3825 681 3879 monetent,
702 3824 832 3875 ttcrsrr,
854 3823 1005 3875 ursorum,
1029 3825 1064 3862 rr
1078 3823 1208 3863 strosnn

173 3910 495 3951 smrnrmu.toanre1s
509 3910 631 3950 neuneu
642 3910 750 3950 mesos.
763 3909 936 3949 ourtrmrcm
949 3907 1014 3947 sus
1024 3909 1106 3949 sciro
1116 3907 1211 3947 orent.

146 4016 355 4124 Ovtltttts
380 4049 443 4123 boc
470 4046 589 4123 libello
612 4049 725 4121 nescio
751 4074 850 4148 quem
873 4047 936 4121 sub
955 4046 1060 4120 Ibidis
1077 4046 1211 4119 nomine

144 4164 298 4266 graphice
314 4181 508 4238 exornatum
523 4162 617 4238 Diris
639 4162 776 4236 devovet
794 4191 802 4234 ε
820 4189 917 4236 causa
933 4160 1053 4262 triplex
1065 4158 1107 4233 ab
1126 4160 1213 4260 ipso-

144 4299 210 4356 met
226 4281 375 4356 assertor.
393 4280 465 4357 lbis
482 4278 597 4355 Ovidii
613 4307 734 4356 nomen
747 4278 876 4378 ubique
890 4276 1072 4353 maledictis
1086 4274 1213 4349 lacera-
