3159 5134
365 500 432 570 256
743 494 1055 569 DISSERTATIO

363 641 551 736 Augustum
568 639 603 711 iu
622 636 697 713 fitiae
715 640 844 715 incestu
863 670 880 713 a
897 659 998 741 poeta
1016 638 1228 741 imprudente
1254 641 1437 743 depreben-

363 793 436 838 sum
453 763 724 862 conjectareutur.
745 763 801 837 Ab
817 763 871 837 bis
896 792 958 860 ego
981 761 1123 838 multum
1154 763 1323 845 dissentio.
1350 769 1439 840 Utut

364 886 451 960 euim
465 887 620 988 princeps
634 885 688 961 ille
701 886 847 987 primum
859 886 1016 963 adversus
1027 886 1183 963 libidines
1193 917 1311 989 parum
1322 887 1439 965 ffimus

251 1060 255 1067 ,
363 1011 483 1099 fuerit,
504 1012 609 1085 tutius
636 1029 746 1086 tamen
769 1011 887 1087 luisset
903 1013 986 1087 tanti
1007 1013 1161 1087 facinoris
1183 1013 1436 1088 interventorem

367 1134 554 1235 opprimere
571 1136 687 1235 potius
697 1191 707 1222 ,
727 1163 825 1236 quam
841 1134 947 1209 exsilii
965 1134 1165 1209 contumelia
1181 1136 1332 1223 irritare,
1351 1154 1385 1211 et
1396 1165 1436 1211 eo

366 1258 580 1344 submovere,
595 1258 684 1333 unde
695 1259 801 1333 tutius
813 1259 900 1332 sorte
911 1257 1128 1333 malediceret.
1143 1261 1267 1334 Annon
1280 1259 1368 1335 euim
1381 1286 1439 1333 vc-

308 1469 316 1482 α
364 1382 502 1455 rendum
515 1381 651 1466 fuisset,
669 1409 711 1454 ue
723 1380 839 1467 uxori,
856 1408 899 1454 ne
910 1379 1044 1469 liberis,
1061 1408 1102 1455 ne
1111 1380 1225 1455 amicis
1237 1409 1368 1455 causam
1381 1382 1437 1455 irae

366 1505 519 1579 Caesareae
535 1502 707 1578 discedens
727 1502 906 1604 proderet,
933 1520 966 1578 et
984 1504 1032 1577 sic
1049 1521 1159 1578 umen
1176 1497 1229 1579 res
1245 1508 1439 1580 emanaret?
1537 1506 1539 1509 ’

364 1629 420 1700 Au
437 1655 496 1700 nec
519 1624 610 1700 Julia
637 1626 770 1727 quidem
795 1626 868 1728 ipsa
891 1622 1104 1722 relegationis
1130 1655 1197 1701 suae
1219 1626 1436 1724 ignominiam

366 1749 437 1824 ulta
447 1749 564 1824 finisset
574 1749 690 1824 incesti
698 1747 883 1850 opprobrio
893 1750 909 1822 ἲ
921 1749 996 1822 vide
1004 1748 1202 1823 Suetonium
1210 1748 1252 1822 de
1259 1752 1436 1845 Augusto,

366 1902 436 1975 cap.
453 1871 509 1947 65.
524 1875 580 1947 An
593 1901 652 1947 nec
665 1873 808 1947 Ovidius
821 1872 955 1973 quidem
966 1889 1047 1974 post
1057 1888 1198 1947 mortem
1211 1874 1355 1969 Augusti
1372 1874 1436 1949 tale

366 1996 447 2098 quid
473 1993 703 2071 eliminasset?
731 1997 870 2092 Ignorat
890 1995 1021 2091 ingenia
1046 1993 1256 2096 principum,
1286 2012 1319 2068 et
1343 1994 1436 2071 mala

365 2117 572 2194 conscientiae
581 2117 863 2221 auspicatissimos
877 2136 1020 2192 terrores
1030 2174 1039 2207 ,
1049 2117 1182 2192 etfama
1190 2116 1357 2208 indolem,
1375 2119 1435 2220 apri

364 2241 429 2314 ista
445 2257 519 2325 tam,
534 2238 628 2314 lacile
646 2237 771 2327 credit;
797 2238 856 2314 sed
878 2256 917 2313 ut
940 2238 1050 2315 adbuc
1066 2240 1204 2315 arctiore
1224 2240 1315 2315 nodo
1336 2269 1435 2315 cons-

365 2364 507 2457 tringam
524 2361 624 2460 hujus
639 2362 686 2434 rei
703 2378 903 2450 assertores,
926 2358 1013 2436 addo
1032 2393 1041 2435 z
1059 2362 1200 2437 Ovidius
1217 2381 1369 2439 mortum
1385 2381 1436 2439 est

366 2516 454 2562 anuo
469 2485 705 2587 tOlympiadis
721 2511 807 2585 199,
821 2486 963 2586 septimo
974 2486 1102 2573 exsilii,
1117 2488 1258 2565 testibus
1270 2489 1434 2577 Eusebio,

365 2611 570 2711 Hieronymo
597 2627 631 2683 et
653 2607 839 2705 scaligero,
869 2607 926 2707 qui
945 2608 1062 2682 incidit
1079 2610 1114 2682 in
1138 2610 1272 2684 tertium
1295 2610 1433 2685 Tiberii.

334 2752 337 2758 ’
365 2732 644 2833 septuagenarius
662 2760 740 2827 ergo
758 2731 932 2826 Augustus
948 2749 1037 2818 erat,
1055 2760 1158 2833 quum
1174 2730 1333 2827 relegaret
1349 2733 1436 2807 ovi-

365 2857 469 2930 dium.
490 2856 578 2954 Quis
597 2872 705 2930 autem
725 2854 835 2929 credat
852 2882 962 2929 senem
977 2872 1043 2929 tam
1061 2855 1261 2954 prodigiosae
1286 2854 1435 2969 libidinis

363 2981 485 3067 fuisse,
504 2996 544 3052 ut
558 3007 618 3054 nec
631 2978 729 3052 afilia
745 2977 878 3080 quidem
891 2977 1098 3052 abstineret?
1112 2979 1220 3076 Quem
1235 2979 1432 3066 Suetonius,

366 3130 436 3204 cap.
458 3129 520 3204 71,
533 3103 597 3188 ait,
615 3134 631 3165 «
648 3101 814 3176 infamiam
828 3100 983 3200 juvenilis
995 3101 1207 3202 impudicitia
1219 3105 1389 3206 praesentis
1403 3122 1435 3177 et

368 3243 548 3328 »posterae
571 3224 646 3299 rite
668 3225 817 3299 castitate
833 3220 1003 3299 refotasse·
1024 3259 1042 3288 »
1063 3224 1154 3299 Julia
1171 3227 1267 3302 etiam
1282 3225 1351 3300 filia
1367 3229 1432 3327 jam

365 3368 434 3424 tom
452 3346 552 3451 supra
566 3344 854 3451 quadragenariam
870 3366 961 3449 erat,
979 3347 1106 3443 (digna
1129 3346 1253 3423 scilicet
1279 3378 1378 3439 anus,
1398 3353 1433 3422 iu

365 3504 428 3575 qua
454 3501 553 3548 senex
576 3471 738 3573 deperiret
750 3473 785 3569 l)
804 3487 892 3545 etex
913 3470 1032 3545 Dionis
1051 3489 1209 3572 computo
1236 3456 1430 3546 adauuum

367 3594 459 3694 758,
474 3595 540 3694 jam
557 3613 631 3670 aute
650 3620 693 3695 27
713 3622 817 3668 anuos
835 3593 869 3666 in
882 3586 1022 3667 insulani
1038 3594 1264 3670 Pandatariam
1276 3624 1352 3669 cuna
1365 3595 1434 3669 lilia

257 3814 258 3819 ἵ
364 3745 424 3790 sua
439 3716 601 3812 relegata,
628 3722 647 3791 a
676 3745 743 3817 quo
762 3734 911 3816 ternpore
935 3744 1127 3817 uunquam,
1144 3716 1220 3791 licet
1237 3717 1431 3818 deprecante

365 3837 493 3941 populo
511 3895 520 3925 ‚
543 3840 579 3912 in
597 3840 735 3934 gratiam
750 3866 867 3913 rursus
884 3838 1045 3927 admissa,
1062 3856 1101 3913 ut
1122 3838 1224 3913 habet
1239 3838 1429 3913 Suetonius.

365 3961 483 4034 Mirari
497 3962 608 4062 itaque
625 3963 718 4036 subit
733 3980 799 4036 tam
811 3990 952 4057 magnos
967 3961 1120 4037 homines
1133 3963 1167 4035 id
1180 3960 1306 4036 facinus
1322 3962 1432 4064 suspi-

366 4083 433 4159 cari
449 4084 609 4184 potuisse.
625 4086 773 4159 Dubium
789 4102 899 4159 autem
909 4082 1038 4159 nullum
1052 4080 1121 4172 est,
1137 4086 1218 4186 quin
1235 4084 1431 4186 turpissimae
1548 4098 1551 4103 ’

367 4206 535 4307 opinionis
551 4223 667 4281 auctor
682 4206 764 4308 ipsis
776 4206 877 4282 suerit
894 4207 1105 4309 turpissimus
1123 4207 1288 4303 Caligula,
1306 4208 1364 4310 qui
1377 4235 1432 4281 as-
