3159 5134
366 552 433 638 284
694 548 1095 618 DEDICATIONES

365 692 480 789 Quum
494 689 580 764 eninr
594 688 707 791 pneris
724 688 828 784 (licet
843 717 862 762 a
878 688 1003 763 sabulis
1013 717 1088 762 cnm
1101 686 1219 791 priscis
1233 687 1301 762 illis
1316 709 1436 764 ancto-

327 825 332 836 '
363 810 458 884 ribus
471 807 695 909 incipiendum
708 835 778 882 esse
791 807 929 880 sentiam
938 810 972 900 ),
984 805 1098 881 latinis
1111 805 1217 881 literis
1229 835 1362 909 operam
1375 810 1435 884 da·

364 925 466 1012 turis,
480 924 514 997 in
525 924 599 1023 ipso
608 922 719 997 limine
728 922 851 1024 exponi
864 921 970 996 solite
982 922 1067 1009 sint,
1076 920 1147 993 leve
1155 921 1310 1021 quiddam
1322 950 1362 996 ac
1373 951 1435 997 nn·

365 1042 531 1140 gatorium
548 1068 618 1116 esse
630 1040 732 1137 vulgo
745 1039 984 1114 existimantur.
1001 1040 1042 1111 ln
1055 1066 1164 1111 errore
1173 1037 1252 1112 bnie
1263 1037 1434 1114 simillium

365 1161 388 1234 ii
405 1161 503 1234 etiam
520 1175 711 1246 versantur,
729 1157 788 1258 qui
808 1153 929 1255 AEsopi
944 1152 1092 1244 fabulas,
1107 1183 1194 1256 opus
1208 1181 1287 1228 saue
1297 1154 1434 1251 elegan-

367 1275 550 1362 tissimum,
568 1272 711 1360 nullius,
730 1289 788 1346 aut
803 1273 895 1373 parvi
910 1269 1088 1344 admodum
1109 1271 1269 1344 momenti
1282 1299 1352 1345 esse
1368 1300 1433 1372 pu-

367 1407 458 1476 tent,
478 1389 569 1490 quod
586 1389 665 1463 item
684 1389 817 1489 pneris,
836 1387 893 1489 qui
913 1386 1035 1461 Gracia
1049 1385 1154 1461 literis
1167 1387 1318 1462 tradendi
1332 1406 1433 1476 sunt,

367 1503 592 1609 explanantur.
609 1503 703 1600 Quas
717 1521 825 1577 tamen
843 1531 861 1574 a
879 1501 1017 1577 Platone
1037 1520 1071 1576 et
1082 1502 1280 1590 Aristotele,
1298 1503 1434 1579 dnobus

367 1642 402 1698 et
412 1620 572 1723 loquendi
584 1637 617 1695 et
628 1618 791 1695 sentiendi
801 1619 967 1716 magistris
976 1618 1243 1720 preclarissimis,
1254 1622 1313 1722 qni
1322 1650 1435 1696 earnm

369 1734 568 1830 testimoniis
581 1733 844 1835 frequentissime
855 1749 1005 1822 utuntur,
1018 1731 1154 1834 plurimi
1165 1733 1269 1808 saetas
1282 1762 1354 1810 esse
1365 1763 1435 1809 cer·

368 1869 439 1927 tun
457 1870 557 1954 atque
573 1850 782 1954 exploratum
798 1866 857 1922 est.
873 1904 881 1920 .
895 1905 923 1921 ..

425 2105 603 2210 GUID.¹
630 2120 1010 2208 MORlLLONll
1039 2119 1375 2205 DEDlCATIO

566 2310 631 2372 an
652 2310 922 2374 uersrouas
943 2311 1239 2383 antomon,

771 2485 933 2526 asmssino
944 2486 1026 2539 uuo,

493 2596 786 2665 FRANCISCO
811 2601 841 2664 A
866 2599 1309 2667 CAMPOGIRALDO.

421 2765 584 2838 VETERES
598 2759 667 2852 illi,
687 2791 830 2864 quorum
847 2763 1024 2838 auctoritas
1041 2790 1115 2852 cunr
1131 2763 1293 2864 sapientia
1309 2764 1352 2838 ad
1366 2765 1436 2839 bac

373 2895 485 2952 nostra
493 2905 596 2980 nsque
606 2894 753 2980 tempora
765 2896 918 2980 provecta
928 2896 995 2966 est,
1009 2877 1182 2951 Francisce
1192 2875 1356 2953 nobilium
1367 2908 1438 2954 ern-

375 2994 554 3082 ditissime,
573 3023 641 3067 non
658 2995 768 3069 minus
786 2996 883 3069 docte
901 3023 1001 3097 quarn
1017 2993 1183 3089 eleganter
1198 3012 1264 3068 tres
1281 2995 1437 3082 Gratias,

375 3138 457 3214 quas
474 3109 575 3184 Graeci
591 3109 713 3210 Χᾶριτας
728 3129 863 3199 vocant,
885 3112 930 3185 ita
944 3110 1185 3212 depingebant,
1199 3128 1238 3184 ut
1250 3139 1315 3185 una
1328 3139 1439 3187 earnm

373 3227 473 3302 veluti
493 3257 511 3300 a
528 3225 624 3301 nobis
640 3227 809 3328 profecta,
828 3256 971 3302 aversam
993 3226 1108 3302 faciem
1136 3244 1279 3316 teneret,
1306 3229 1440 3331 relique

373 3373 448 3420 vero
458 3345 530 3421 dnae
539 3373 600 3420 uos
610 3344 826 3447 adspicerent.
842 3346 922 3443 Quo
936 3345 1069 3448 quidem
1083 3331 1235 3447 exemplo
1250 3375 1437 3434 monemur,

374 3462 499 3563 accepti
516 3461 665 3535 beneficii
683 3490 853 3564 nunquam
870 3462 1075 3537 immemores
1085 3488 1155 3535 csse
1168 3459 1308 3536 debere:
1325 3491 1440 3538 rernm

375 3578 457 3654 illud
479 3578 591 3682 aliquo
616 3609 690 3655 cnm
715 3580 836 3655 stenem
859 3579 1049 3680 rependere.
1077 3581 1152 3675 Ego
1179 3580 1290 3680 itaque
1313 3581 1441 3682 priscos

376 3691 649 3781 amulabnndus,
678 3723 779 3796 quum
803 3692 1034 3769 attentiuscule
1065 3721 1193 3768 mecum
1217 3695 1440 3795 pensitarem,

376 3826 536 3909 quamam
554 3811 655 3886 inme
674 3830 728 3886 tua
746 3810 933 3908 benignitas
945 3811 1162 3902 contulisset,
1181 3841 1222 3887 ne
1237 3813 1272 3886 id
1283 3814 1317 3886 iu
1330 3813 1442 3908 ingra-

377 3938 448 3996 tum
461 3923 638 4024 projecisse
653 3924 809 4013 videaris,
824 3925 941 4021 exigua
957 3927 1241 4028 compensatione,
1255 3946 1317 4001 aut
1328 3924 1444 4002 saltem

378 4038 489 4142 aliquo
514 4058 708 4148 apgumento
725 4041 870 4116 animum
888 4060 1058 4132 nostrum,
1084 4042 1151 4117 tuis
1165 4041 1335 4137 beneficiis
1353 4068 1444 4144 paene

380 4157 537 4232 obrutum
554 4156 717 4233 tantillum
731 4157 835 4234 levare
850 4159 1018 4234 constitui.
1033 4160 1162 4235 Idcirco
1175 4189 1278 4261 quum
1290 4159 1446 4261 superio·

382 4268 476 4346 ribus
487 4271 606 4347 diebus
618 4301 636 4347 a
649 4271 895 4349 dialecticorum
911 4273 1083 4350 meandris
1095 4291 1238 4350 mentem
1249 4271 1444 4355 relaxarem,
