3159 5134
373 570 432 636 132
701 573 738 634 P.
766 569 944 637 OVIDII
971 568 1103 636 VITA

367 706 566 781 obtinuerat.
585 707 851 808 Proiectoquum
859 707 1073 782 decemviratus
1084 706 1139 781 ille
1150 708 1329 784 nonsuerit
1341 712 1436 811 equi-

369 824 460 897 tibus
475 823 631 924 proprius
649 824 774 910 honos,
789 824 848 897 sed
864 822 930 897 illis
940 824 1038 898 modo
1053 823 1168 910 datus,
1184 825 1240 924 qui
1257 824 1292 897 iu
1306 843 1440 899 senatus

367 969 460 1041 spem
481 938 672 1025 alebantur;
696 942 741 1015 ita
758 957 790 1013 et
810 941 902 1039 jura,
922 969 994 1041 qua
1009 941 1120 1042 ipsum
1138 942 1363 1043 sequebantur
1385 940 1439 1015 de·

365 1058 578 1142 cemuirutum,
610 1058 797 1132 debuerunt
821 1057 861 1130 ad
893 1058 1076 1132 senatorios
1101 1058 1246 1133 bonores
1277 1061 1437 1160 spectare.

366 1172 505 1262 Paucis,
523 1173 792 1275 quandoquidem
809 1172 858 1245 illi
872 1174 1008 1272 juvenes
1024 1171 1093 1247 lato
1112 1173 1329 1247 indutiolam
1351 1174 1438 1250 dice-

365 1287 489 1362 bantur
504 1291 648 1363 seuatorii
663 1289 799 1374 ordinis,
830 1289 892 1362 etsi
918 1287 1069 1362 nondum
1093 1290 1128 1362 in
1155 1307 1269 1364 senatu
1295 1288 1438 1363 bearem

367 1404 576 1501 capessebant,
595 1404 646 1476 uti
656 1403 794 1476 Tacitus
809 1412 815 1440 ¹
830 1400 979 1503 loquitur
994 1403 1035 1476 dc
1047 1403 1139 1477 tutio
1149 1404 1320 1490 Montano,
1340 1431 1439 1505 quem

365 1518 546 1592 Suetonius
563 1528 576 1556 ²
595 1518 777 1591 laticlaviam
793 1536 904 1604 vocat3
922 1517 1047 1591 idcirco
1062 1513 1189 1591 nullum
1205 1536 1257 1592 est
1273 1518 1436 1606 dubium,

367 1633 449 1733 quin
467 1632 565 1705 iidem
580 1631 714 1730 juribus
727 1632 883 1704 senatorii
898 1631 1024 1704 ordinis
1041 1633 1248 1718 fruerentur,
1262 1660 1323 1704 nec
1337 1632 1439 1705 modo

365 1749 545 1852 privilegiis
558 1749 694 1824 alterius
703 1748 870 1823 inferioris
884 1748 1030 1837 ordinis,
1049 1748 1090 1821 ad
1103 1778 1201 1849 quem
1216 1778 1283 1821 non
1295 1748 1439 1850 amplius

366 1868 561 1941 attinebant.
894 1955 900 1964 s
1410 1947 1415 1952 ,

418 1986 579 2058 Caeterum
595 2012 698 2083 quum
713 1983 876 2073 Ovidius,
890 2001 992 2084 prout
1003 2012 1081 2058 mor
1094 1984 1330 2085 probabimus,
1345 2011 1440 2085 spem

369 2117 501 2174 senatus
518 2117 638 2208 sponte
655 2098 831 2197 abjecerit,
849 2126 886 2170 ac
900 2098 942 2172 ad
955 2115 1129 2196 angustum
1144 2093 1269 2173 clavum
1284 2099 1437 2186 redierit,

368 2215 563 2316 priusquam
575 2212 682 2286 ullum
695 2213 729 2286 in
742 2214 818 2313 ipso
833 2232 947 2287 senatu
960 2216 1154 2316 capessisset
1165 2216 1327 2290 bonorem
1339 2243 1347 2302 ;
1361 2215 1440 2288 binc

368 2332 533 2427 ambigere
550 2330 647 2416 licet,
666 2358 744 2403 num
758 2348 875 2431 postea
886 2331 1006 2406 iterum
1021 2333 1191 2432 equitibus
1207 2351 1441 2407 annumeratus

366 2449 440 2548 jure
458 2446 695 2520 decemviratus
717 2447 856 2520 anteacti
877 2447 1027 2546 potuerit
1054 2447 1089 2519 in
1108 2445 1261 2521 orchestra
1280 2464 1439 2548 spectare.

363 2565 446 2650 ,Hoc
464 2562 528 2662 ipsi
545 2560 677 2634 licuisse
693 2557 787 2633 facile
804 2589 873 2633 non
892 2579 943 2634 est
959 2560 1095 2635 definito
1108 2591 1116 2649 ;
1131 2590 1191 2635 nec
1209 2560 1290 2635 mihi
1309 2561 1441 2662 quidem

369 2677 544 2754 verisimile
570 2678 632 2762 fit;
655 2677 779 2778 quippe
804 2678 861 2777 qui
886 2677 1035 2764 videam,
1061 2683 1250 2775 Augustum
1277 2680 1338 2767 iis,
1358 2708 1444 2779 quos

371 2799 469 2894 etiam
488 2794 530 2869 ad
547 2822 581 2869 se
599 2812 713 2868 senatu
730 2793 934 2868 abdicandos
951 2795 1159 2893 compulerat,
1180 2794 1271 2868 velut
1285 2793 1444 2897 peculiari

372 2909 579 3006 indulgentia
595 2918 757 2983 servavisse
768 2910 883 3010 integrae
895 2912 989 2985 uestri
1004 2968 1012 2995 ,
1032 2926 1062 2983 et
1075 2910 1275 3010 spectandiiu
1288 2911 1444 2987 orchestra

372 3025 573 3128 epulandique
590 3025 713 3124 publice
730 3028 784 3126 jus
803 3024 826 3097 ³.
847 3027 968 3098 Verum
990 3024 1074 3098 nibil
1090 3024 1180 3126 apud
1202 3025 1362 3101 Ovidium
1384 3056 1444 3103 oe-

374 3144 498 3231 currit,
517 3140 606 3243 quod
623 3141 722 3214 nobis
737 3157 867 3241 tempus
884 3139 967 3215 illud
981 3143 1113 3228 innuat,
1131 3171 1198 3243 quo
1210 3143 1275 3242 jam
1292 3163 1443 3219 senatum

375 3261 563 3360 ejuraverat.

422 3376 574 3451 Alterum
591 3402 667 3448 vero
683 3375 776 3475 quod
793 3374 930 3463 attinet,
949 3373 1006 3475 qui
1023 3373 1177 3462 tribunatu
1191 3374 1254 3449 sub
1267 3374 1361 3449 Julio
1375 3377 1444 3449 Cae·

374 3522 446 3570 sare
461 3493 496 3566 in
513 3489 604 3566 bello
620 3488 777 3564 Africano
795 3507 910 3562 contra
926 3488 1046 3562 Juburu
1062 3487 1197 3561 functus
1214 3506 1301 3575 erat,
1318 3489 1346 3562 is
1361 3518 1444 3590 pro-

374 3611 454 3684 inde
470 3618 499 3691 ἑς
515 3613 649 3701 druidae
667 3611 768 3680 ἐλπίδα
784 3606 816 3678 in
834 3633 916 3703 spem
932 3602 1097 3677 senatoria
1112 3603 1267 3703 diguitatis
1289 3604 1445 3678 tribunus

374 3726 457 3814 luit,
476 3742 515 3799 nt
539 3724 605 3797 Dio
632 3722 672 3795 de
697 3719 789 3795 lulio
818 3718 978 3793 Caluustro
1001 3717 1177 3818 loquitur,
1202 3737 1300 3819 atque
1327 3720 1445 3795 militia

374 3859 549 3943 promotus
565 3856 615 3911 est
639 3837 680 3909 ad
702 3856 871 3922 senatum,
892 3834 1168 3937 quemadmodum
1185 3852 1218 3907 et
1243 3833 1316 3909 aliis
1337 3838 1446 3910 conti-

377 3958 464 4053 gisse
478 3955 576 4057 plura
592 3954 713 4027 docent
728 3951 877 4052 exempla
893 3951 1014 4051 passim
1030 3950 1064 4021 in
1082 3949 1220 4024 historia
1237 3951 1318 4024 satis
1335 3952 1444 4024 obvia.

410 4161 418 4191 ¹
437 4155 532 4210 Annal.
544 4154 587 4208 lib.
601 4152 686 4218 xm,
700 4171 754 4222 cap.
768 4155 808 4204 25.

406 4239 420 4269 ⁸
437 4239 469 4292 ln
480 4237 544 4291 Ner.
555 4254 611 4303 cap.
625 4234 663 4287 ab.

407 4317 418 4353 ⁸
434 4320 543 4375 Sueton.
557 4318 586 4373 in
598 4319 665 4388 Aug.
678 4335 734 4386 cup.
747 4318 796 4380 35;
815 4313 866 4367 rid.
880 4324 906 4368 et
919 4313 1000 4367 Dion.
1009 4311 1053 4367 lib.
1071 4312 1143 4377 ttV,
1158 4329 1215 4382 pag.
1230 4309 1286 4363 531.
