3159 5134
396 496 464 565 DE
487 496 526 563 Ρ.
553 495 746 565 ovlolo
770 495 990 564 NASONE.
1163 496 1225 565 381

158 660 335 706 remsuam
345 660 413 703 esse
425 634 559 718 vident,
571 633 728 727 allegent,
745 660 882 703 curuon
892 650 926 704 et
935 638 1057 704 horum
1064 639 1228 728 rationem

158 742 359 830 habeamus?
375 745 421 810 Iis
437 763 511 836 qun
525 741 702 811 Goldastus
713 746 840 820 omisit,
856 744 964 810 Aldus
976 757 1085 811 autem
1099 747 1135 809 in
1148 745 1232 812 ovi·

160 850 207 918 dii
230 852 297 917 vita
320 851 491 924 meminit,
510 873 539 914 ·a
560 847 788 915 claustralibus
812 852 934 942 mopsis
955 848 1078 919 ovidio
1097 850 1230 941 stupide

160 958 339 1040 attributa,
359 956 501 1047 adjungo
511 956 596 1026 olim
613 983 632 1022 a
643 981 697 1024 me
713 955 853 1024 collecta
870 961 1015 1025 carmina
1035 958 1077 1026 sle
1092 971 1208 1026 ventre
1217 1009 1228 1042 ,

160 1065 203 1133 de
216 1066 332 1133 trihus
338 1064 460 1157 puellis
473 1077 537 1131 etc.
551 1092 567 1129 u
586 1066 646 1132 Est
659 1066 743 1132 mihi
764 1067 834 1133 haec
847 1053 1006 1134 scribenti
1027 1070 1063 1133 in
1078 1067 1230 1134 manibus

160 1173 264 1242 editio
291 1188 384 1241 setus
405 1176 476 1241 sine
497 1172 562 1240 loci
585 1187 618 1241 et
642 1175 719 1239 anni
743 1186 823 1258 nota
847 1173 947 1258 in-40.
972 1175 1031 1241 ubi
1056 1175 1230 1269 Pamphilo

159 1284 379 1376 praemittitur
392 1281 649 1351 Pseudo-Ovidii
662 1281 744 1351 liber
757 1289 854 1350 trium
861 1284 1059 1376 puellarum,
1074 1286 1144 1350 sive
1157 1284 1228 1350 ele·
1290 1337 1292 1340 .

159 1394 213 1483 gia
221 1389 264 1458 de
275 1390 384 1459 tribus
394 1391 515 1485 puellis
526 1405 624 1459 cantu
634 1394 722 1458 intes·
732 1417 766 1459 se
779 1392 983 1460 certantibus
995 1392 1105 1476 judice
1116 1404 1225 1484 poeta,

161 1502 221 1590 qui
240 1502 389 1581 tertiam,
412 1500 502 1566 Jovis
515 1523 640 1567 amores
655 1512 843 1582 canentem,
862 1503 987 1568 caeteris
1002 1498 1129 1567 duabus
1140 1524 1227 1593 prae·

162 1609 245 1692 fert,
263 1608 396 1701 sibique
411 1607 561 1700 adjungit
576 1635 585 1675 ε
603 1620 636 1675 et
650 1609 733 1676 libes·
746 1610 789 1704 de
803 1615 918 1676 nuntio
933 1615 1063 1701 sagaci,
1081 1609 1229 1676 versibus

160 1716 357 1783 hexametris
371 1714 635 1783 homoeoteleutis
650 1717 720 1781 sive
734 1714 892 1798 leoninis,
910 1728 945 1782 et
961 1717 1003 1783 de
1015 1717 1131 1808 pulice.
1148 1716 1231 1782 Ele·

162 1826 223 1914 giae
235 1821 278 1890 de
292 1824 400 1890 tribus
411 1822 531 1917 puellis
547 1824 611 1890 hoc
623 1835 672 1890 est
684 1824 843 1902 initium:

327 2013 402 2069 [bam
414 2013 484 2067 sorte
495 2013 566 2067 riam
577 2013 710 2084 quandam
721 2012 796 2066 nullo
807 2011 948 2067 comitante
959 2053 967 2079 ,

363 2103 440 2158 Solus
451 2122 526 2159 amor
538 2122 659 2172 mecum,
671 2103 717 2174 qui
727 2102 795 2157 solet
806 2122 879 2170 esse,
890 2101 948 2156 suit.

329 2194 455 2266 Dumque
472 2214 546 2250 meos
558 2214 647 2250 versus
657 2194 739 2264 facio,
752 2194 919 2264 meditorque
932 2185 1060 2264 puellaml,

364 2285 416 2342 Cui
428 2288 524 2357 possim
536 2306 626 2342 versus
637 2286 743 2341 mittere
758 2305 824 2356 quos
836 2285 919 2340 tacis:

327 2379 394 2434 Ecce
406 2379 498 2451 procul
508 2379 584 2434 video
597 2381 670 2451 quasi
683 2390 736 2434 tres
749 2377 880 2452 nymphus
891 2379 1042 2433 venientes:

363 2468 387 2523 E
398 2469 491 2539 quibus
503 2481 533 2523 ut
545 2470 658 2524 memini
669 2469 772 2539 longior
782 2488 837 2523 una
847 2468 904 2523 fuit

330 2560 396 2615 Huc
406 2560 528 2616 medium
540 2561 632 2615 sortita
643 2559 747 2628 locum,
759 2561 898 2625 currebam
916 2571 944 2615 st
955 2579 1048 2615 omues

361 2650 513 2706 Currebant
527 2651 640 2723 pariter,
651 2652 697 2706 sed
711 2661 801 2706 tamen
812 2650 855 2706 illa
866 2652 955 2722 magis.

330 2741 383 2795 sed
395 2741 417 2796 si
428 2742 498 2797 sorte
512 2762 593 2798 mauu
606 2743 721 2812 jaculum
733 2742 867 2797 sumsisset
878 2752 906 2795 et
918 2761 1008 2796 arcum
1021 2782 1028 2807 ,
1052 2755 1054 2760 ·

362 2834 410 2888 Illa
421 2834 487 2889 mihi
501 2847 572 2890 certe
584 2837 637 2890 visa
648 2834 736 2890 Diana
749 2834 811 2892 suis„

330 2926 375 2982 ste
384 2926 483 2982 etenim
494 2929 561 2982 solet
571 2926 614 2981 illa
626 2926 694 2982 seras
705 2927 802 2998 agitare
813 2945 861 2996 per
872 2924 935 2980 altus

362 3017 459 3086 Silvas,
475 3037 589 3088 cumque
606 3018 659 3074 suis
670 3037 776 3075 currere
788 3017 939 3088 virgiuihuu

331 3108 410 3164 'l'unc
423 3128 473 3181 ego
482 3128 558 3165 nosse
568 3109 658 3164 volens
669 3108 769 3162 formas
779 3119 808 3163 et
819 3126 917 3162 nomen
930 3126 1023 3162 sarum

364 3198 454 3270 lucepi
464 3199 552 3255 subito
564 3217 670 3255 currere
683 3210 743 3270 post
754 3198 834 3268 solio,
846 3209 896 3254 eto

166 3370 271 3438 Liber
283 3368 327 3437 de
342 3373 460 3437 nuntio
474 3370 598 3461 sagaci,
616 3370 650 3434 in
666 3389 732 3460 quo
747 3366 952 3458 colloquium
965 3377 1014 3432 est
1026 3364 1146 3458 puellae
1160 3390 1235 3436 cum

166 3481 304 3557 nuntio,
323 3480 382 3572 qui
397 3477 485 3545 dona
498 3504 516 3543 a
529 3489 627 3570 poeta
641 3478 703 3568 ipsi
719 3475 834 3555 affert,
855 3476 901 3541 itu
917 3473 1048 3540 orditur
1064 3501 1071 3541 :

331 3664 440 3720 Summi
452 3662 557 3719 victoris
568 3662 661 3717 fierem
673 3679 756 3732 quum
767 3658 851 3715 victor
862 3658 959 3713 amor'u

331 3757 476 3827 Sperabam
487 3756 557 3812 cusis
567 3755 650 3810 linem
658 3754 774 3827 posuisse
785 3752 899 3818 suturis,

330 3848 432 3903 Rursus
444 3848 477 3903 ad
489 3865 562 3901 mma
573 3857 649 3901 vocat
659 3865 718 3913 me,
732 3844 826 3915 quasis
835 3853 862 3897 et
876 3861 935 3897 ecoe
948 3840 1053 3913 Cupido
1065 3881 1073 3909 ,

334 3938 403 4007 Die,
416 3957 507 4006 amor,
520 3937 592 3992 unde
604 3937 678 3992 venis
690 3935 819 4008 pharetris
830 3936 867 3990 sic
879 3934 997 4005 undique
1008 3932 1112 4005 pleu'u?

335 4030 421 4103 Cujus
432 4040 516 4085 eastra
527 4029 608 4099 petis,
623 4027 664 4082 vel
674 4029 750 4098 cujus
760 4027 870 4082 vulnera
880 4028 966 4082 tendis
978 4026 991 4080 l

334 4122 406 4177 Hinc
418 4121 509 4193 procul
520 4120 582 4174 hinc
593 4119 673 4187 absis,
685 4117 746 4188 quia
757 4138 863 4174 mecum
877 4119 949 4173 nulla
961 4116 1075 4184 videbis,

336 4212 391 4268 Tot
401 4213 448 4269 tibi
459 4222 521 4269 sunt
534 4209 659 4277 Pas-ides,
672 4220 700 4265 et
709 4219 749 4264 tot
759 4209 808 4265 tibi
817 4222 880 4265 sunt
888 4208 1057 4282 Ganymedes
1067 4247 1076 4276 ,
1087 4217 1137 4262 etc
