3159 5134
366 531 408 590 88
558 527 596 589 P.
626 526 804 592 OVIDII
831 524 1060 592 NASONIS
1088 525 1233 591 VITA.

362 664 489 764 juvenis
504 664 625 752 modo,
647 664 767 753 vitice,
786 664 844 738 sed
861 693 903 739 uc
923 666 1017 767 pueri
1036 664 1184 767 quidem,
1199 665 1434 742 attribuantur.

301 783 304 802 ¹
363 782 551 882 Desperans
569 781 702 856 taudem
718 782 760 856 ab
780 782 895 856 urbem
907 782 1051 856 reditum
1063 782 1271 884 impetrares
1289 783 1435 872 Caesare,

366 893 469 968 sicud
484 924 640 986 uxorem,
668 895 827 974 dc-Trist.
843 895 901 970 lib.
919 899 993 984 ΙΙΙ,
1012 896 1105 993 Eleg.
1121 915 1184 985 111,
1204 896 1362 999 scripsit:

533 1068 601 1123 Ossa
611 1080 701 1124 tamen
712 1069 793 1124 facito
803 1089 881 1140 parva
894 1071 1047 1125 reserantur
1056 1073 1084 1125 in
1097 1090 1178 1125 uma:

565 1161 609 1215 sic
620 1182 669 1233 ego
680 1181 736 1216 nou
747 1163 827 1216 etiam
838 1173 960 1217 mortuus
970 1162 1041 1218 exsul
1053 1183 1107 1217 ero.

535 1255 597 1308 Non
608 1265 679 1308 vetat
691 1255 739 1308 hoc
750 1255 888 1325 quisquam
899 1275 906 1308 ι
917 1254 1026 1309 fratrem
1038 1255 1165 1309 Thebana
1175 1266 1342 1326 peremptum

563 1343 706 1417 Subposuit
717 1346 821 1401 tumulo
831 1366 893 1418 rege
904 1356 1008 1401 vetante
1018 1366 1100 1401 soror.
1174 1373 1178 1378 s

531 1439 620 1508 Atque
633 1458 664 1492 ea
675 1458 736 1492 curu
746 1437 828 1508 loliis,
840 1449 867 1492 et
879 1439 976 1492 amomi
988 1436 1096 1518 pulvere
1108 1437 1205 1506 misce,

567 1529 656 1598 Atque
667 1529 820 1583 suburbano
830 1529 936 1584 condita
947 1528 1024 1584 crede
1035 1529 1108 1582 solo:

536 1622 664 1693 Quosque
676 1622 745 1693 legat
756 1642 845 1676 versus
855 1622 931 1677 oculo
942 1633 1100 1692 properante
1111 1622 1210 1687 uiator,

566 1712 718 1767 Graudibus
728 1713 757 1766 in
769 1713 864 1767 tumuli
874 1732 1007 1767 marmore
1019 1712 1089 1767 cede
1101 1715 1178 1767 notis.

535 1806 592 1860 H1c
604 1819 657 1860 uso
668 1818 718 1869 our
729 1819 815 1858 secto
826 1818 1004 1858 rrmouuru
1018 1818 1106 1857 cusos
1116 1792 1262 1871 luouun,

570 1893 691 1950 lucrum
702 1909 780 1948 rruu
793 1896 868 1949 Niso
879 1908 968 1948 roure
979 1909 1046 1948 no.

535 1990 572 2042 At
584 1988 632 2041 tibi
642 1988 688 2062 qui
698 1987 806 2053 transis,
818 2005 875 2039 uon
885 1986 918 2038 sit
929 2003 1021 2055 grave,
1034 1985 1151 2054 quisquis
1161 1984 1269 2051 amati,

567 2080 663 2133 Dicere
674 2099 681 2132 :
693 2078 805 2134 Nasonis
815 2077 929 2131 molliter
938 2094 995 2130 osso
1005 2076 1109 2130 cubent

370 2224 494 2296 Missus
519 2240 628 2295 autern
646 2220 711 2294 luit
729 2222 764 2292 iu
781 2219 931 2294 exsilium
949 2249 1037 2294 anno
1060 2218 1189 2320 imperii
1214 2216 1358 2314 Augusti
1379 2245 1433 2291 se-

369 2337 478 2410 cundo
486 2354 520 2409 et
528 2337 818 2437 quinquagesimo,
831 2335 882 2410 vel
892 2338 1021 2410 circiter
1032 2366 1040 2409 z
1052 2336 1170 2436 quinto
1183 2355 1293 2411 autem
1305 2335 1431 2410 Tiberii

370 2451 485 2524 Tomis
498 2451 587 2552 apud
606 2451 706 2525 Getas
722 2449 808 2524 diem
825 2451 928 2538 obiit3
951 2479 989 2525 ex
1004 2479 1072 2552 quo
1087 2447 1255 2547 colligitur
1272 2448 1436 2524 exsulasse

368 2596 472 2643 anuos
490 2583 634 2655 octo‚'et
654 2597 781 2643 menses
799 2565 936 2670 aliquot.
954 2568 1127 2671 Sepultum
1144 2570 1243 2647 etiam
1263 2570 1356 2670 juxta
1375 2597 1434 2670 ou

367 2684 481 2786 pidum
498 2690 623 2762 Tomos
639 2686 739 2761 tradit
754 2687 930 2764 Eusebius.
