3159 5134
279 698 426 769 Virgilium
438 697 493 753 vidi
505 707 611 754 tautum
622 720 629 755 :
639 718 690 754 nec
700 717 779 755 erere
790 699 897 755 Tibullo

310 791 428 861 Tempus
440 790 562 846 amicitie
571 791 624 845 fato
636 790 734 845 dedere
746 810 820 845 meae.
881 834 883 839 ,

275 880 416 935 Successor
428 879 479 936 t'uit
490 881 534 937 hic
544 882 604 949 tibi,
616 881 691 937 Galle
702 904 708 947 ;
720 882 874 952 Propertius
886 881 931 936 itt.

310 970 431 1040 Quartus
442 971 526 1027 abbir
539 973 606 1027 serie
619 973 745 1041 temporie
756 973 813 1042 ipre
823 972 879 1026 tui:

276 1063 369 1132 thue
383 1082 433 1133 eqo
446 1065 574 1133 majores,
586 1064 623 1119 sic
635 1082 679 1117 me
690 1063 797 1118 colerere
809 1064 927 1118 minores
939 1083 946 1117 ε

311 1154 434 1224 Notaque
447 1174 501 1209 uon
512 1155 586 1209 tarde
598 1155 667 1209 sacta
681 1153 792 1208 Thateia
804 1173 863 1208 meu
875 1164 923 1209 est.

119 1269 317 1344 insecundo
337 1268 378 1346 de
393 1271 565 1347 Tristibus
585 1300 621 1346 se
642 1291 678 1348 et
696 1271 899 1349 causidicum
922 1271 1024 1349 seriose
1050 1274 1185 1362 scribit,

120 1383 193 1457 etin
208 1384 348 1487 privatis
365 1386 474 1462 caucis
491 1387 671 1476 arbitrum,
690 1387 744 1462 his
759 1386 936 1461 versibus:

275 1533 332 1586 Nec
343 1533 411 1585 male
425 1533 561 1588 commissa
574 1544 613 1587 est
624 1532 700 1586 nobis
709 1531 820 1587 fortuna
830 1550 938 1585 reorum

305 1620 399 1692 Usque
410 1622 503 1677 decem
514 1623 600 1678 decies
610 1623 771 1695 inspicienda
781 1623 852 1677 viris.

272 1713 327 1767 Rer
339 1733 445 1785 quoque
456 1715 569 1785 priuatae
580 1715 660 1769 statui
669 1715 726 1769 sine
737 1713 848 1769 erimine
861 1712 941 1784 juder
954 1734 960 1766 :

308 1804 404 1876 Deque
416 1826 476 1859 mea
488 1806 555 1860 sassa
566 1819 676 1877 estpars
687 1826 793 1877 quoque
805 1804 872 1860 vieta
883 1803 943 1859 fide

120 1919 280 2016 benignus
298 1923 396 1995 etiam
414 1923 496 1996 adeo
513 1923 597 2010 suit,
615 1941 654 1996 ut
668 1922 782 1996 nullus
804 1949 952 2021 uuquam
970 1949 1075 2022 opus,
1093 1920 1185 2023 quod

120 2034 182 2134 ipse
207 2054 461 2136 composuerat,
492 2036 675 2138 carpserit3
703 2036 795 2136 quod
818 2035 865 2107 sic
891 2035 962 2134 ipse
986 2051 1125 2108 testatur
1151 2033 1184 2107 in

119 2149 212 2224 Trist.
229 2150 291 2225 lib.
309 2153 370 2241 lV,
385 2151 479 2248 Eleg.
500 2173 546 2225 x:

275 2292 332 2347 Nec
343 2293 388 2363 qui
400 2292 529 2347 detrectat
540 2291 694 2362 presentia,
706 2290 773 2344 livor
784 2291 877 2360 iniquo

307 2382 401 2438 Uilum
414 2385 447 2438 de
460 2385 555 2439 uostris
566 2384 646 2436 deute
658 2381 805 2436 momordit
816 2401 891 2453 opus.

119 2500 188 2574 Fuit
202 2519 237 2575 et
252 2499 405 2576 moribus
422 2501 652 2575 ornatissimus
672 2531 679 2573 :
698 2529 775 2573 nam
792 2517 826 2573 et
842 2499 955 2573 viuum
973 2498 1076 2573 multa
1098 2527 1184 2601 aqua

120 2617 253 2695 ditucmn
266 2619 424 2706 bibebat,
441 2636 474 2692 et
491 2648 509 2692 a
525 2617 719 2692 detestando
736 2643 914 2719 puerorum
932 2618 1110 2690 concubitu
1126 2619 1183 2692 ab·

118 2733 286 2821 borrebat,
304 2753 439 2837 eratque
456 2765 561 2837 purus
580 2734 688 2808 omnis
705 2732 846 2808 sceleris.
876 2734 932 2807 Sic
949 2736 1036 2809 euim
1052 2735 1123 2836 ipse
1143 2735 1182 2808 de

119 2852 241 2943 Ponto,
258 2853 316 2928 lib.
335 2857 370 2943 l,
388 2852 480 2949 Eieg.
503 2870 549 2926 x:

276 2996 378 3050 Parvus
388 2996 415 3048 in
427 2993 505 3047 eriles
516 3012 607 3047 succus
620 2991 685 3044 mibi
698 2991 819 3060 pervenit
831 2999 919 3057 artus,

308 3088 484 3157 Membraque
497 3095 559 3140 sunt
570 3104 631 3139 cere
642 3082 776 3155 pallidiore
785 3102 862 3136 nova.

276 3181 339 3236 Non
352 3181 406 3233 brec
417 3176 560 3231 immodico
572 3174 690 3232 contrari
702 3175 799 3227 damna
813 3174 890 3246 Lyco
902 3192 908 3226 :

308 3271 365 3326 Scir
377 3269 460 3336 mibi,
473 3288 551 3337 quem
564 3268 624 3321 solu
635 3284 709 3334 paeue
721 3265 846 3318 bibantur
857 3280 938 3333 oque.

277 3364 341 3418 Non
352 3362 435 3433 epuiis
445 3378 544 3414 oneror
556 3381 563 3412 ε
574 3376 687 3429 querum
700 3357 720 3411 ri
735 3368 828 3425 tangar
839 3374 943 3421 amore,

310 3456 358 3511 Eu
370 3467 459 3516 tamen
472 3455 500 3508 iu
513 3452 611 3506 Geticis
621 3452 695 3520 copie
706 3449 778 3503 uuila
790 3440 859 3503 locis.

275 3549 334 3604 Nec
346 3549 415 3601 vires
426 3546 519 3600 adimit
532 3542 644 3598 Venerio
655 3542 780 3595 damnosa
793 3540 926 3611 voluptas:

308 3640 370 3697 Non
382 3638 449 3693 soiet
457 3639 486 3691 in
499 3647 604 3689 moestos
615 3634 657 3686 itta
669 3633 760 3686 venire
772 3643 851 3685 toros.

121 3762 197 3834 item
212 3762 248 3835 iu
265 3758 412 3835 secundo
430 3758 470 3831 dc
485 3761 565 3831 Arte
580 3751 711 3828 amandi
728 3752 796 3823 ait:

277 3896 334 3952 Odi
345 3893 515 3960 concubitur,
530 3892 642 3962 quinon
655 3890 789 3956 utrimque
803 3886 952 3940 resolvunt:

309 3990 368 4043 Hoc
380 3998 436 4055 ert,
448 4005 496 4039 cur
506 3982 581 4055 pueri
592 3993 686 4052 tangor
697 3998 787 4033 amore
800 3979 895 4030 minus.

120 4107 311 4183 insecundo
328 4124 438 4181 autem
457 4102 497 4176 de
512 4102 642 4188 Ponto,
660 4098 755 4193 Eleg.
775 4115 848 4185 vlt,
865 4095 913 4168 sic
928 4078 1068 4168 scribit:

274 4249 339 4301 Vita
351 4248 424 4317 prior
433 4245 498 4298 vitio
508 4253 596 4309 caret,
609 4252 637 4295 et
648 4240 704 4295 sine
716 4240 772 4294 iube
785 4249 888 4309 peracto
899 4247 954 4290 est:

314 4339 410 4394 Aurilii
422 4339 520 4392 misero
530 4335 569 4391 nil
579 4335 640 4390 tulit
651 4332 694 4388 tta
703 4332 777 4388 mibi.
