3159 5134
570 505 714 571 VITA.

275 643 357 698 Orbis
370 642 398 697 in
410 641 534 696 ertrernis
543 643 617 711 jaceo
628 642 746 697 dmortus
757 644 858 707 arenis,
892 670 897 681 ·
1005 680 1008 687 ψ

308 736 374 789 Fert
385 734 430 788 ubi
443 745 582 803 perpetuas
594 735 688 788 obruta
699 745 769 788 terra
781 735 863 789 nives.

277 826 340 881 Non
352 845 414 894 ager
424 825 467 879 hic
478 842 599 894 pomum,
612 845 668 879 non
680 825 767 880 dulces
779 826 872 880 educat
882 846 960 881 uras:

310 918 372 971 Non
385 915 472 971 salices
483 917 556 987 ripa,
568 917 661 971 robora
672 928 763 972 monte
772 917 867 972 virent.

278 1010 351 1063 Neve
364 1007 464 1061 fretum
472 1007 563 1063 laudes
572 1020 644 1064 terra
655 1011 753 1080 magis,
766 1028 873 1079 equora
883 1029 987 1079 semper

315 1098 465 1153 Ventorum
478 1100 549 1154 rabie
559 1100 657 1155 solibus
667 1101 730 1154 orba
742 1111 855 1156 tument.

280 1188 460 1259 Quocumque
472 1189 611 1259 adspicias,
624 1192 710 1262 campi
723 1191 824 1245 cuitore
836 1204 972 1257 carentes,

316 1281 466 1351 Vastaque,
480 1301 538 1351 quae
551 1302 632 1337 nemo
643 1284 773 1351 vindicet,
785 1304 846 1338 arva
857 1287 952 1352 jacent.
1070 1344 1073 1349 ξ

283 1373 376 1428 Hostis
387 1373 459 1427 adest
470 1374 574 1443 dextra,
586 1375 701 1445 iaevaque
713 1396 727 1428 a
739 1387 812 1445 parte
826 1376 972 1443 timendus,
1068 1388 1070 1391 '

315 1463 464 1533 vicinoque
475 1475 549 1518 metu
561 1476 643 1519 terret
655 1477 798 1535 utrumque
811 1467 884 1519 latus

281 1554 374 1610 Altera
385 1555 516 1609 Bistonias
526 1575 586 1624 pars
598 1568 637 1610 est
647 1576 754 1611 sensura
765 1558 883 1627 sagittas3

314 1646 406 1700 Aitera
420 1645 565 1700 Sarmatica
576 1646 672 1715 spicula
683 1648 760 1700 missa
771 1668 862 1701 manu.

128 1776 181 1851 Sui
195 1793 306 1850 antem
323 1771 430 1848 exsilii
453 1771 536 1847 duas
563 1772 663 1849 fuisse
680 1774 727 1847 ait
742 1803 875 1856 causas,
896 1804 1036 1875 quarum
1056 1775 1189 1851 aiteram

129 1894 249 1996 ubique
272 1892 413 1980 fatetur,
432 1890 567 1964 alteram
589 1919 717 1992 semper
741 1891 946 1992 supprimit:
967 1894 1014 1968 ait
1040 1894 1127 1969 enim
1150 1895 1190 1967 de

129 2008 222 2083 Trist.
237 2007 301 2081 lib.
321 2007 378 2079 ll:

224 2188 225 2192 ¹
288 2161 456 2218 Perdiderint
471 2179 554 2232 quum
566 2179 609 2215 me
621 2159 676 2215 duo
688 2159 816 2228 crimina,
829 2180 949 2229 carmen,
962 2171 988 2215 et
1000 2181 1090 2226 error3

324 2255 439 2309 Alterius
450 2253 513 2309 sacti
523 2252 600 2325 culpa
611 2254 710 2311 silenda
722 2253 787 2307 mihi
800 2266 847 2309 cst.

132 2385 277 2486 Persaepc
288 2381 390 2479 igitur
399 2399 430 2455 et
436 2379 543 2455 libros
555 2380 595 2454 de
607 2380 689 2455 Arte
699 2380 841 2455 Aurandi
849 2380 1076 2482 composuisse
1089 2378 1194 2466 dolet,

133 2499 218 2599 quod
235 2515 410 2602 propterea
428 2498 584 2591 Augusto
602 2494 679 2569 odio
697 2524 773 2570 esse
782 2496 937 2596 coperit,
956 2513 989 2567 et
1003 2493 1130 2595 aliquid
1149 2493 1195 2565 vi-

134 2611 215 2687 disse
230 2641 291 2715 per
307 2640 471 2701 errorem,
496 2628 535 2686 ut
551 2611 596 2684 ob
614 2609 649 2684 id
664 2610 699 2683 in
716 2609 883 2711 Scythiam
900 2607 1064 2706 relegatus
1078 2607 1196 2692 suerit,

135 2730 257 2804 offenso
276 2731 403 2804 Caesare
423 2759 430 2803 :
447 2729 494 2802 ait
509 2728 598 2802 enim
613 2727 648 2801 in
667 2729 701 2800 ll
716 2726 755 2800 de
769 2728 898 2816 Ponto,
914 2725 1006 2823 Eleg.
1023 2746 1085 2800 tx:

293 2886 369 2941 Neve
378 2903 468 2955 roges,
482 2903 541 2953 quos
552 2883 601 2951 sit,
616 2882 725 2939 stultam
733 2902 814 2952 quam
822 2883 972 2952 scripsimus
984 2884 1078 2937 Artem
1088 2906 1095 2947 ;

331 2977 463 3031 Innocuos
474 2974 548 3029 nobis
560 2974 617 3029 hoc
628 2984 699 3028 vetat
711 2994 766 3029 ease
776 2992 879 3028 manus.

290 3051 401 3138 ¹Ecquid
414 3078 541 3137 proterea
551 3066 695 3135 peccarim,
708 3084 826 3134 querere
837 3065 907 3118 noli:

329 3160 369 3214 Ut
382 3168 468 3228 pateat
479 3156 533 3210 sola
542 3154 618 3226 euipa
627 3155 675 3209 sub
690 3165 745 3209 arte
757 3174 834 3219 meu

138 3304 170 3359 et
185 3285 282 3388 paulo
298 3284 437 3358 inferius
451 3260 544 3377 Eleg.
563 3301 604 3354 x:

302 3444 374 3498 Naso
385 3459 479 3511 parum
489 3437 606 3508 prudens
615 3429 711 3491 Art'ern
725 3436 790 3489 dum
801 3435 889 3490 scribit
899 3436 1022 3502 arnandi,

332 3534 468 3591 Doctrina
478 3528 593 3601 pretium
605 3528 677 3582 triste
688 3528 813 3598 magister
823 3527 902 3581 habet
912 3551 919 3593 ς

139 3680 172 3737 et
186 3664 221 3737 in
236 3662 336 3738 tertio
347 3660 390 3734 ad
406 3662 565 3733 Amorem
581 3653 674 3749 Eleg.
694 3672 739 3727 ιιι
755 3683 763 3727 :

295 3817 353 3871 Nec
364 3815 425 3869 satis
435 3813 486 3881 hoe
497 3810 599 3864 fuerat:
609 3808 704 3865 stultus
715 3828 821 3879 quoque
832 3809 949 3863 carmina
956 3810 1019 3874 feci,

330 3905 440 3960 Artibus
451 3913 482 3957 ut
493 3922 580 3972 posses
596 3920 653 3957 non
663 3901 737 3955 rudis
748 3920 804 3955 esse
814 3900 888 3957 meis.

300 4000 355 4054 Pro
366 3996 461 4068 quibus
472 3995 591 4050 exsilium
599 3992 696 4048 misero
706 3993 773 4047 mihi
783 3992 886 4048 reddita
897 3990 1013 4063 mercesj

332 4088 363 4143 Id
376 4106 481 4158 quoque
493 4086 521 4139 in
533 4084 669 4151 extremis,
681 4094 708 4137 et
717 4084 772 4137 sine
783 4104 845 4153 pace
856 4085 925 4138 locis.

141 4208 181 4279 lu
190 4206 303 4281 codem
313 4206 361 4280 sic
372 4209 530 4279 Amorem
540 4201 605 4278 sibi
614 4184 869 4301 respondentem
879 4202 1006 4313 inducit
1016 4207 1050 4279 in
1063 4207 1206 4280 somnis:

258 4338 371 4404 VIII.
1007 4339 1028 4404 o·
