3159 5134
471 552 568 621 rua
592 554 625 618 J.
651 550 874 621 messor.
1139 560 1209 645 aas

138 716 228 783 tum,
247 724 287 769 ae
304 711 475 797 paternam
493 693 734 795 eloquentiam,
754 695 849 794 cujus
860 693 968 768 luerat
984 694 1097 785 heres,
1123 727 1207 774 vers.

139 814 265 916 les-54·
459 814 462 818 ’

186 932 241 1006 Ad
261 930 383 1006 Cottum
398 958 477 1005 vero
494 947 544 1003 est
561 929 707 1029 ejusdem
728 928 809 1004 libri
827 931 891 1030 Ep.
911 947 996 1018 vltl,
1017 949 1051 1004 et
1065 929 1125 1008 lib.
1139 937 1209 1025 lll,

139 1050 204 1150 Ep.
224 1067 253 1122 ll
269 1076 306 1121 ac
323 1068 368 1135 V,
387 1075 451 1148 qua
462 1046 582 1148 juvenis
597 1045 720 1119 Ovidis
739 1045 875 1134 dicitur,
894 1073 978 1120 vera.
996 1073 1041 1147 7:

301 1192 443 1265 legimus,
458 1213 474 1248 ο
480 1196 584 1263 jurern's
593 1156 675 1260 putrrt'
682 1214 732 1246 non
742 1196 850 1261 deyener
859 1199 921 1256 ons,

337 1280 415 1334 Dicta
428 1280 474 1334 tibi
487 1279 565 1349 pleno
575 1278 654 1332 verba
666 1278 762 1333 diserta
773 1277 846 1345 furo,
859 1289 908 1333 ete.

192 1401 235 1471 V.
261 1396 328 1471 Sed
344 1413 384 1471 ut
399 1397 443 1471 ad
457 1395 601 1470 Nasonis
622 1422 760 1496 operum
784 1394 900 1470 seriem
917 1395 1111 1486 redeamus,
1137 1397 1216 1482 libri

142 1515 191 1588 lv
205 1540 243 1586 ex
257 1512 369 1584 Ponto
385 1509 494 1611 Epist.
512 1529 551 1582 lv
571 1510 634 1584 hoc
647 1509 828 1607 certissime
843 1538 931 1584 anno
950 1511 991 1585 ad
1005 1513 1128 1589 exitum
1141 1542 1216 1588 ver-

146 1647 242 1727 gente
259 1626 356 1702 missa
370 1643 421 1701 est
433 1625 532 1699 Sexto
545 1625 707 1725 Pompeio,
726 1626 779 1699 eui
793 1627 833 1700 de
844 1628 1004 1702 consulatu
1021 1629 1215 1725 gratulatur,

144 1730 243 1850 prem
258 1773 346 1820 anuo
364 1761 518 1841 gesturus
530 1761 600 1817 erat
612 1742 775 1844 proximo.
793 1728 907 1841 Fiugit
922 1745 1009 1820 enim
1024 1749 1156 1827 Famam
1168 1751 1216 1829 sic

148 1891 184 1938 se
197 1862 388 1939 adlocutam
400 1860 520 1946 fuisse,
539 1886 623 1933 vers.
647 1884 713 1957 17:

315 2011 424 2062 Consule
434 2009 568 2074 Pompeio,
584 2024 637 2075 quo
651 2023 706 2057 non
718 2004 764 2059 tibi
777 2004 862 2060 carior
874 2002 956 2074 alter,

346 2089 485 2144 Candidus
496 2100 523 2144 et
534 2088 594 2143 lelix
602 2094 733 2157 proximas
741 2108 824 2142 arnus
835 2090 893 2144 erit.

148 2208 267 2284 deinde
283 2234 368 2281 vers.
386 2204 450 2293 23,
470 2204 585 2279 addit:

313 2354 385 2419 ΕΓΕΟ
395 2353 456 2418 ”hle
469 2352 537 2405 Jane
547 2351 652 2422 biceps,
663 2352 771 2423 longum
784 2361 1043 2420 reseraaerlsaarurr,

346 2433 440 2491 Pulsus
452 2445 480 2491 et
491 2455 507 2488 a
518 2453 591 2489 sacro
601 2455 692 2490 meuse
705 2439 909 2503 Decemberen't;
955 2458 959 2469 ·

312 2521 435 2589 Purpura
445 2522 591 2586 pomerum
601 2519 699 2573 summi
711 2518 807 2575 velabit
819 2521 939 2589 honoris,
949 2532 999 2577 ete.
1029 2514 1030 2517 ¹

150 2640 209 2716 llle
239 2655 349 2713 autem
378 2636 494 2711 Sextus
522 2636 689 2736 Pompeius
713 2666 801 2711 anno
835 2639 1068 2742 subsequenti,
1102 2646 1146 2718 U.
1179 2648 1219 2721 C.

151 2772 340 2842 dcclxvn,
354 2753 462 2827 mucul
470 2781 593 2827 anuum
607 2753 752 2829 fascibus
764 2755 910 2854 aperuit;
926 2783 1027 2855 quare
1040 2758 1109 2833 haec
1122 2761 1222 2861 Epis-

151 2873 235 2960 tola,
254 2871 296 2945 ad
314 2899 389 2944 eum
405 2868 471 2967 jam
488 2869 698 2965 designatum
716 2869 886 2945 consulem
906 2872 1026 2961 missa,
1046 2893 1222 2977 autequam

151 2989 322 3068 Decembri
336 2986 547 3061 successisset
562 2985 758 3071 Ianuarius,
780 2986 820 3060 ad
837 2987 965 3064 huncce
981 3019 1102 3067 aunum
1120 2998 1161 3069 U.
1182 2999 1221 3073 C.

152 3126 307 3185 uchxvl
323 3123 496 3180 exeuntem
511 3104 648 3177 omnino
662 3103 816 3204 pertinet.
833 3106 922 3177 Ante
930 3108 1105 3203 verolbauc
1114 3114 1221 3213 Epist.

155 3225 333 3328 scripserat
342 3239 374 3295 et
384 3220 530 3320 ejusdem
544 3218 621 3293 libri
634 3219 794 3321 primam,
809 3250 882 3323 quae
893 3251 961 3296 non
975 3225 1075 3298 modo
1090 3227 1224 3318 ordine,

155 3343 211 3418 sed
229 3360 263 3417 et
281 3359 431 3441 tempore
456 3336 537 3411 alias
559 3336 665 3411 eidem
683 3335 823 3436 scriptas
840 3340 1024 3438 praecessit,
1041 3359 1080 3414 ut
1096 3340 1225 3443 liquido

156 3475 245 3557 patet
262 3484 303 3529 ex
319 3483 401 3528 vers.
427 3477 536 3525 1-20:

318 3603 430 3672 Accipe,
446 3602 563 3667 Pompei,
577 3598 720 3653 deductum
732 3616 839 3651 carmen
851 3598 883 3650 ab
893 3595 954 3665 illo,

351 3682 465 3736 Debitor
475 3692 515 3735 est
525 3683 583 3734 vitae
595 3682 640 3749 qui
650 3681 713 3746 tibi,
726 3682 815 3741 Sexte,
829 3698 881 3733 suae
892 3699 899 3743 ς

323 3766 398 3835 Qui,
411 3785 457 3820 seu
469 3785 525 3819 non
537 3764 659 3835 prohibes
673 3783 741 3817 ame
754 3775 799 3818 tua
812 3764 920 3817 nomina
934 3763 1011 3834 poni,

356 3846 472 3902 Accedet
484 3846 583 3902 meritis
594 3847 650 3900 berc
661 3865 764 3916 quoque
777 3864 881 3899 summa
893 3846 958 3914 tuis,
971 3856 1019 3901 etc.

206 3965 389 4068 Pompeius
405 3964 467 4038 ille
494 3967 560 4066 jam
580 3982 657 4039 ante
678 3964 828 4039 maximis
857 3964 1015 4039 Ovidium
1030 3987 1228 4069 prosecutus

164 4084 271 4159 luerat
288 4082 477 4172 beneficiis,
494 4083 639 4184 ipsomet
655 4098 754 4182 poeta
769 4097 870 4169 teste,
887 4109 970 4157 vers.
990 4081 1059 4156 23:

321 4233 467 4302 Nunquam
477 4231 551 4301 pigra
561 4230 612 4284 luit
623 4227 718 4283 uostris
729 4239 773 4283 tua
784 4228 866 4298 gratia
877 4229 970 4294 rebuse

355 4324 412 4378 Nec
421 4322 489 4378 mihi
502 4321 639 4377 munificas
651 4339 709 4374 area
721 4321 826 4390 negarit
838 4339 914 4389 opes,
928 4331 976 4375 ete.

287 4423 402 4494 VIII.
1010 4423 1048 4487 15
