3159 5134
458 544 553 613 res
577 508 875 612 salassos.
1141 549 1204 638 1s9

326 681 473 754 Quondam
487 685 608 738 Cesarea
614 683 694 738 nimis
701 686 794 752 puelle

357 774 433 829 Falso
444 775 554 829 nomine
566 774 684 830 subditum
696 774 840 838 Corinnoe;

116 892 177 965 uti
190 893 260 992 jam
279 920 380 993 supra
397 921 436 967 er
458 890 587 966 Silonis
601 892 789 991 Apollinari
805 890 1003 965 notavimus.
1023 892 1089 966 Sed
1106 920 1205 994 quam

124 1004 207 1082 falsa
221 1008 268 1081 sit
280 1006 350 1082 ltaec
359 1007 492 1109 opinio,
513 1036 581 1110 quo
595 1008 638 1081 ad
652 1006 775 1083 lulium
789 1007 936 1104 Augusti
948 1006 1067 1095 filiam,
1080 1009 1203 1085 ibidem

127 1153 264 1225 qnoque
283 1123 510 1199 indicavimus.
528 1125 579 1199 Ne
594 1153 673 1199 vero
687 1142 721 1198 et
734 1123 836 1223 liujus
850 1123 1012 1225 principis
1024 1125 1135 1225 replis,
1153 1127 1204 1201 vel

124 1243 261 1327 ancillo,
284 1270 323 1316 ea
332 1243 450 1342 puello
467 1241 622 1338 ambigna
639 1269 719 1316 voce
737 1240 998 1338 intelligeretur,
1023 1243 1071 1317 sic
1095 1244 1206 1319 Aldus

123 1356 293 1433 Manutius
311 1366 318 1395 ¹
337 1376 453 1431 contra
468 1357 707 1432 ratiocinatur:
728 1394 744 1423 «
764 1361 875 1457 Quam
891 1357 972 1437 ficto
990 1360 1121 1434 nomine
1135 1363 1205 1436 Co-

126 1508 146 1564 »
166 1475 299 1548 rinnam
315 1472 511 1575 adpellavit,
531 1475 676 1575 potitum
696 1502 731 1549 se
749 1493 890 1549 testatur
905 1475 942 1547 in
960 1476 1074 1548 Amor.
1088 1474 1148 1549 lib.
1170 1481 1205 1566 l,

128 1625 147 1655 »
169 1588 264 1685 Eleg.
283 1608 318 1660 v.
341 1590 453 1687 Quare
469 1590 498 1662 si
514 1619 551 1663 ea
566 1589 617 1664 vel
630 1590 714 1682 filia,
730 1589 778 1664 vel
792 1592 920 1691 neptis,
937 1588 986 1663 rel
1000 1588 1118 1665 ancilla
1132 1593 1204 1665 Cae-

127 1739 146 1771 »
168 1706 270 1792 saris,
281 1703 332 1778 vel
345 1733 560 1807 quaecumque
572 1704 633 1781 alia
644 1705 745 1781 suerit
757 1707 804 1782 sic
815 1706 865 1779 illi
878 1734 968 1794 cam,
982 1722 1021 1778 nt
1031 1724 1205 1807 propterea

129 1857 147 1885 n
168 1821 329 1895 Ovidium
347 1819 556 1915 relegaverit;
576 1850 646 1895 non
662 1849 762 1909 error,
785 1821 845 1897 sed
862 1821 970 1897 scelus
984 1822 1118 1912 ferisset3
1135 1853 1205 1898 non

129 1972 149 2003 »
169 1938 295 2012 inscius
312 1937 448 2012 vidisset
464 1937 604 2025 crimen,
622 1936 679 2011 sed
696 1938 803 2013 sciens
819 1937 960 2012 lecisset.
981 1972 997 1999 υ

176 2059 224 2128 At
249 2053 431 2128 absurdum
455 2082 593 2155 prorsus
615 2053 701 2127 soret
722 2052 895 2138 arbitrari,
913 2054 1058 2149 Augusti
1087 2070 1204 2154 reptem

128 2174 192 2249 snb
219 2170 305 2245 salso
331 2170 476 2245 Corium
496 2170 631 2244 nomine
648 2168 691 2241 ab
710 2168 834 2243 ovidio
854 2167 958 2242 luisse
974 2185 1134 2258 amnmm,
1158 2172 1205 2245 si-

129 2291 265 2392 qnidem
289 2288 359 2363 haec
382 2286 526 2360 Nasonis
549 2285 718 2381 ingenium
734 2287 800 2385 jam
828 2302 993 2373 moverat,
1016 2315 1119 2387 quum
1136 2289 1205 2386 ejus

127 2407 225 2481 barba
246 2420 361 2479 resecto
382 2403 462 2479 brice
486 2402 612 2476 cernelee
640 2402 769 2491 fuerat,
797 2401 861 2477 hoc
878 2419 948 2490 est,
965 2430 1053 2475 anno
1076 2403 1205 2477 circiter

129 2528 173 2599 U.
191 2527 230 2600 C.
252 2541 445 2610 nccxttxtt,
462 2538 500 2595 ut
514 2521 555 2594 ad
572 2550 647 2597 eum
662 2520 825 2605 dirimus;
841 2549 909 2622 quo
928 2539 1035 2595 tamen
1055 2538 1203 2624 tempore

129 2643 280 2716 nondum
294 2657 370 2713 nata
384 2638 448 2712 luit
460 2634 555 2710 Julr'u
568 2635 678 2737 neptis
690 2637 846 2732 Augusti.
861 2636 994 2711 Etenim
1008 2635 1101 2711 Julr'o
1113 2636 1203 2712 illius
1233 2636 1239 2645 ’

129 2775 235 2833 mater
252 2756 387 2829 nonnisi
405 2783 495 2828 anno
512 2754 555 2825 U.
575 2753 612 2827 C.
632 2767 818 2826 ltccxxth
836 2769 941 2852 nupta
958 2770 1009 2825 est
1027 2752 1201 2859 Agrippa,

11 2924 13 2929 ·
130 2875 189 2975 qui
199 2902 238 2946 er
251 2901 286 2947 ea
299 2900 388 2945 anno
398 2870 620 2971 subsequente
636 2864 762 2953 Corirm,
777 2866 925 2941 omnium
938 2866 1120 2943 liberorum
1133 2872 1203 2971 pri-

129 3019 242 3077 mum,
262 2985 340 3062 tulit
353 2996 379 3060 ².

180 3102 354 3179 Addamus
372 3118 406 3175 et
421 3099 462 3174 de
477 3097 589 3187 lutati,
611 3101 757 3196 Augusti
760 3100 855 3199 filio,
877 3128 947 3174 eam
964 3101 1001 3174 in
1019 3128 1116 3175 cansa
1133 3132 1201 3176 non

128 3221 234 3297 fuisse
245 3276 254 3308 ,
267 3248 327 3294 cur
337 3217 480 3293 Ovidius
492 3214 706 3314 relegaretur,
719 3216 836 3290 exinde
850 3214 997 3317 liquere,
1013 3217 1102 3317 quod
1116 3218 1202 3321 ipse·

130 3355 200 3412 met
215 3354 370 3424 testetur,
389 3363 423 3409 se
440 3335 474 3408 in
491 3333 584 3407 illum
601 3361 750 3418 errorem,
773 3361 831 3406 seu
850 3332 981 3433 culpam
998 3334 1026 3406 ei
1043 3332 1199 3409 silendam

129 3455 305 3544 incidisse,
323 3481 393 3526 non
410 3480 513 3553 quum
525 3451 646 3553 sicceris
670 3467 772 3537 esset,
801 3448 859 3523 sed
876 3449 940 3523 sub
965 3464 1103 3524 extrerrrr
1128 3452 1201 3527 vitae

129 3590 298 3672 tempora,
311 3570 412 3643 immo
427 3586 508 3670 post
518 3572 632 3644 Artem
641 3567 839 3642 Amatorrirm
849 3566 913 3665 jam
925 3565 1055 3643 editam.
1071 3567 1202 3643 Etenim

128 3715 236 3788 quum
252 3685 354 3759 Trist.
374 3681 434 3756 lib.
454 3685 504 3772 ll,
522 3710 605 3756 vers.
626 3708 645 3781 7
665 3699 698 3754 et
714 3681 757 3768 8,
776 3681 935 3754 dixisset:

295 3829 422 3885 Carmina
433 3828 570 3896 lecerunt,
583 3839 613 3882 ut
624 3848 667 3882 me
680 3847 821 3897 moresque
834 3836 933 3893 rotaret

329 3921 391 3976 lam
403 3920 512 3976 demum
524 3927 582 3974 erra
593 3920 683 3975 Cosas
694 3920 726 3973 ab
735 3920 800 3974 Arre
809 3939 876 3974 mea.

127 4062 234 4145 atque
245 4071 266 4118 a
278 4068 362 4116 vers.
379 4066 425 4142 79
439 4040 625 4130 cecinisset,
640 4039 784 4140 priorem
798 4066 865 4114 sna
876 4039 950 4114 vitae
960 4057 1086 4143 partem
1099 4040 1203 4142 probe

138 4256 142 4259 -
161 4221 171 4252 ¹
192 4219 227 4273 ln
240 4215 332 4272 Ovidii
345 4217 417 4271 viu.
740 4292 742 4299 Ι

162 4311 177 4342 ¹
195 4307 266 4363 Vide
278 4307 360 4362 Dion.
371 4307 415 4362 tit.
428 4306 505 4375 LIV,
515 4326 573 4378 pag.
585 4309 634 4361 525
646 4314 674 4358 et
685 4303 741 4357 525.
