3159 5134
356 491 999 564 DESCRIPTIOSULMONIS.
1138 491 1207 586 249

133 633 247 737 lapide
257 649 385 707 structo
399 661 492 734 aquae
507 631 627 720 ductu,
641 659 769 706 summo
785 649 998 718 ornamento,
1014 659 1208 733 summaque

134 746 371 826 commoditate
383 775 444 848 per
459 747 600 821 mediam
617 746 733 820 urbem
749 744 893 833 labitur,
913 773 978 845 qua
996 763 1030 820 et
1042 746 1077 819 in
1098 746 1208 821 hortis

135 883 170 940 et
181 863 307 963 campis
321 861 469 958 rigandis
486 880 627 937 utuntur
642 860 774 953 coloni)
790 859 872 935 alter
888 888 986 949 vero,
1011 889 1110 961 qoem
1129 859 1208 935 vet-

136 980 203 1055 lam
220 978 377 1064 dicimus,
394 1007 413 1052 a
430 975 583 1075 Majella,
601 994 639 1050 ut
655 1005 744 1052 nunc
760 974 949 1077 loquimur,
966 977 1113 1050 omnium
1126 1005 1209 1051 nos·

139 1116 267 1172 trormn
284 1093 449 1167 montium
464 1091 646 1179 altissimo,
667 1092 754 1180 exit;
774 1108 888 1193 estque
911 1092 944 1164 in
969 1109 1086 1192 quarta
1108 1091 1211 1168 ltalia

138 1212 289 1307 regione,
301 1225 382 1283 teste
392 1206 521 1294 Plinio,
532 1209 674 1308 atquein
686 1206 850 1302 Pelignis3
861 1204 978 1305 (vulgo
992 1234 1081 1282 nunc
1092 1207 1212 1302 Valra)

142 1325 252 1428 quiah
263 1324 401 1398 Oriente
409 1321 888 1414 habetFrentanos;allleridie
898 1322 1061 1397 Samnites
1070 1340 1105 1396 et
1115 1324 1213 1398 Cam·

141 1471 248 1546 panos
260 1471 269 1530 ;
282 1442 325 1514 ab
343 1442 472 1515 Occasu
485 1441 643 1527 Marsos,
661 1470 679 1515 a
700 1441 941 1542 septemtrione
956 1441 1166 1515 Marrucinos
1179 1460 1214 1516 et
1268 1460 1272 1465 '

141 1558 311 1634 Vestinos.
329 1556 411 1654 Ejus
428 1555 572 1631 ambitus
587 1556 629 1630 ad
645 1555 734 1630 mille
749 1584 887 1657 passus,
907 1584 1012 1657 eoque
1027 1556 1124 1631 etiam
1141 1546 1228 1632 arrre-v

143 1677 233 1780 plius
243 1674 427 1776 porrigitur
442 1692 565 1775 :porta
575 1673 717 1776 publiea
727 1675 901 1775 precipuae
912 1691 988 1748 octo
1000 1692 1096 1763 sunt;
1110 1675 1213 1752 urbes

143 1791 245 1868 ltalia
256 1791 325 1864 sere
340 1818 475 1879 omnes,
489 1817 563 1891 qua
575 1789 819 1893 mediterranea
840 1806 937 1875 sunt,
953 1789 1166 1865 aediheiomm
1180 1810 1214 1865 et

144 1910 227 1984 situs
243 1904 490 2008 pulchritudine
506 1904 639 2006 caelique
656 1905 850 1981 salubritate
866 1905 907 1978 ab
923 1904 985 1991 iis,
1003 1905 1061 2006 qui
1083 1904 1213 1981 ltaliam
1326 1932 1332 1939 ’

143 2023 250 2126 ipsam
262 2020 419 2096 obierunt
427 2022 629 2108 universam,
643 2020 813 2123 adaquare
825 2020 1032 2096 adfirmatur:
1046 2021 1214 2124 habetque

144 2140 179 2214 io
196 2138 340 2235 singulis
355 2138 497 2226 riamm,
516 2157 555 2213 nt
571 2138 617 2213 ita
634 2138 793 2226 dixerim,
811 2138 979 2241 capitibus
994 2138 1145 2235 ingentes
1161 2163 1215 2214 ca·

145 2274 237 2330 tenes
261 2254 401 2342 ferreas,
425 2253 609 2351 gladiorum
629 2253 753 2332 ictibus
774 2256 899 2357 passim
922 2256 1065 2342 incisus,
1090 2257 1215 2357 quibus

143 2372 239 2471 jactis
256 2389 289 2444 et
305 2370 448 2445 extensis
465 2371 572 2445 nostri
585 2372 671 2446 cives
684 2371 727 2447 ad
740 2373 870 2473 equites
882 2391 916 2447 et
931 2372 1089 2448 arcendos
1106 2390 1139 2446 et
1151 2373 1216 2446 im-

145 2488 328 2590 pediendos
343 2514 385 2561 ne
401 2515 461 2587 per
476 2488 593 2562 urbem
615 2486 719 2562 libere
741 2508 958 2587 vagarentur,
983 2507 1016 2565 et
1033 2518 1076 2564 oe
1093 2488 1217 2591 diripe-

146 2625 234 2696 rent,
251 2605 304 2682 vel
317 2606 480 2706 ejusmodi
491 2606 574 2695 alia,
591 2633 664 2707 que
676 2605 797 2682 milites
810 2607 939 2700 solent,
956 2607 1141 2695 efficerent,
1158 2638 1218 2682 an-

148 2720 291 2823 tiquitus
305 2722 496 2795 utebantur.
520 2723 647 2822 Qarum
666 2721 798 2822 quidem
817 2739 1003 2796 catenarum
1019 2751 1085 2797 una
1106 2723 1218 2821 (nunc

149 2838 183 2910 in
195 2836 322 2910 nodum
336 2835 497 2927 collecta)
506 2862 652 2909 mearum
665 2837 800 2923 adium,
811 2864 884 2938 quae
894 2836 929 2909 in
938 2834 1073 2937 publica
1085 2837 1136 2910 ria
1149 2838 1220 2912 sita

150 2966 249 3037 sunt,
263 2977 336 3049 quae
349 2946 451 3044 vulgo
468 2950 578 3022 lecese
585 2963 678 3048 pente
690 2948 829 3037 dicitur,
846 2948 1027 3051 parietibus
1038 2947 1146 3024 adfixa
1158 2969 1218 3025 est

148 3065 289 3169 Templa
305 3067 441 3143 summis
459 3065 603 3140 edificiis
618 3083 784 3141 exstructa
797 3084 894 3154 sunt,
912 3069 954 3140 lt.
972 3068 1139 3170 Pamphili
1166 3098 1219 3144 ca·

151 3180 318 3269 thedrale,
334 3181 452 3282 inquo
468 3200 520 3255 xtt
534 3182 763 3256 canonicorum
772 3210 932 3257 numerus
945 3200 1013 3271 est,
1024 3200 1058 3257 et
1071 3182 1221 3285 episcopi

150 3298 256 3385 edes,
276 3324 414 3399 quamne
436 3325 555 3392 magna
578 3324 655 3397 pars
679 3295 920 3392 elegantissime
943 3296 1122 3372 instaurata
1146 3316 1219 3373 est:

153 3413 197 3487 l).
215 3413 331 3487 Maria
347 3413 582 3499 Annuntiatae,
600 3413 694 3512 cujus
710 3440 824 3486 annuo
840 3413 948 3486 reditu
963 3430 997 3487 et
1009 3411 1223 3515 eleemosynis

153 3531 269 3627 egroti
281 3530 433 3634 hospites
444 3558 542 3631 quam
553 3529 802 3626 diligentissime
813 3548 986 3605 curantur:
999 3532 1093 3632 pueri
1108 3559 1223 3632 quem·

152 3643 290 3744 plurimi
307 3644 455 3745 undique
468 3644 630 3745 expositi,
649 3671 876 3746 pauperesque
893 3672 1006 3719 omnes
1022 3661 1087 3719 tam
1100 3663 1222 3718 nostra

153 3760 266 3847 urhis,
284 3787 383 3860 quam
398 3758 539 3847 externi,
551 3758 631 3833 satis
641 3757 812 3834 commode
826 3776 858 3833 et
868 3758 1020 3848 aluntur,
1035 3777 1069 3833 et
1079 3760 1224 3835 vestiun-

155 3896 229 3954 tur:
246 3880 288 3952 D.
304 3877 491 3963 Francisei,
510 3877 545 3948 io
559 3905 627 3976 quo
640 3875 758 3949 batres
769 3874 1017 3962 conventuales,
1031 3893 1071 3951 ut
1085 3892 1222 3961 vocant,

154 3996 253 4068 vitam
272 3993 396 4089 degunt
412 4024 420 4067 ε
437 3992 500 4068 alia
514 3992 592 4064 DD.
608 3990 789 4086 Augustini
804 4005 837 4062 et
851 3990 1036 4077 Dominici,
1049 3989 1084 4063 in
1098 3990 1222 4090 quibus

153 4108 276 4183 horum
301 4108 473 4183 nominum
495 4104 654 4181 moniales
677 4122 764 4180 sunt.
794 4105 911 4180 lnhoc
926 4124 983 4181 aut
999 4102 1220 4189 dialecticam,
1322 4144 1332 4153 .

157 4244 213 4303 aut
229 4224 326 4300 aliam
342 4223 564 4326 philosophia
577 4240 703 4325 partem
720 4223 988 4323 interpretantur.
1008 4223 1052 4296 D.
1070 4218 1221 4305 Nicolai‚
