3159 5134
336 644 343 653 ,
381 558 424 622 eo
654 555 693 620 r.
726 494 1175 623 0v1n11nusours
1216 548 1219 553 ’

380 694 511 769 Habuit
525 720 645 771 uxores
669 710 760 783 tres,
780 723 921 797 quarum
938 695 1020 769 duas
1036 693 1238 795 repudiavit3
1265 723 1340 770 eum
1357 698 1456 773 tertia

380 827 458 885 veru
475 809 744 908 conjunctissime
765 827 799 885 et
815 810 1036 887 amantissime
1052 811 1135 886 vixit
1153 843 1161 886 :
1182 811 1263 887 item
1284 812 1402 902 filiam,
1421 833 1457 890 et

380 926 464 1001 alios
489 925 636 1013 liberns3
664 925 722 1001 sed
748 954 787 1002 ex
812 926 879 1001 fitia
902 945 936 1002 et
959 956 1041 1004 avus
1064 930 1172 1005 lactus
1192 949 1252 1007 est
1286 933 1399 1031 Quare
1418 935 1455 1007 in

380 1059 499 1143 quarto
519 1040 560 1115 de
576 1040 679 1115 Trist.
698 1040 763 1129 ait,
783 1040 878 1139 Eleg.
894 1064 944 1117 x:

545 1190 623 1244 Paene
636 1188 701 1243 mibi
712 1208 797 1259 puero
807 1207 857 1244 nec
868 1188 964 1259 (ligna,
977 1210 1027 1246 nec
1038 1191 1108 1247 utilis
1119 1213 1184 1248 uxor

576 1280 625 1335 Est
637 1279 710 1347 data,
721 1299 781 1351 qun
791 1291 896 1351 tempus
910 1284 1036 1352 perbreve
1048 1295 1132 1354 nupta
1142 1283 1201 1339 suit.

548 1372 590 1428 Illi
600 1372 734 1440 mucescit,
747 1373 866 1441 quamvis
876 1373 933 1426 sine
946 1373 1058 1429 crimine
1069 1415 1077 1442 ,
1089 1376 1187 1446 conjux

577 1463 638 1517 Non
651 1473 739 1517 tamen
752 1463 781 1516 in
793 1473 884 1517 nostro
895 1463 973 1518 firme
984 1465 1075 1519 lutura
1087 1477 1153 1521 toro.

542 1554 658 1616 Ultima,
672 1573 730 1623 qua
743 1573 849 1609 meeum
860 1575 931 1609 sema
942 1557 1087 1625 permansit
1098 1558 1126 1612 in
1137 1576 1234 1625 annos,

576 1643 815 1714 Sustinuit'eonjux
825 1645 918 1701 exsulis
927 1665 982 1700 esse
997 1647 1054 1701 viri.

545 1734 611 1789 bilia
622 1754 666 1789 me
679 1754 738 1789 mea
750 1735 789 1790 bis
802 1736 886 1806 prima
897 1735 1011 1791 fecunda
1022 1738 1147 1807 juventa,

580 1825 635 1880 sed
646 1845 703 1880 nou
715 1845 747 1880 ex
757 1846 814 1880 uno
825 1829 938 1899 conjuge
949 1827 1011 1883 lecit
1021 1847 1110 1883 arum.

380 1959 419 2031 Iu
437 1955 546 2056 primo
562 1972 672 2028 antem
689 1951 779 2028 librn
797 1952 838 2027 de
852 1954 956 2028 Trist.
973 1952 1068 2050 Eleg.
1086 1972 1130 2028 111
1148 1954 1214 2030 sic:

543 2101 617 2171 Saepe
629 2099 724 2154 eadem
736 2100 860 2155 mandata
870 2098 932 2155 decli
943 2121 951 2165 3
964 2119 1059 2172 meque
1070 2102 1124 2171 ipae
1133 2100 1234 2170 fefelli,

576 2191 819 2263 Respiciensoculis
829 2191 1009 2263 pignoracara
1018 2192 1103 2259 meia3

381 2314 465 2389 etin
484 2311 583 2385 tertio
600 2307 692 2409 Eleg.
713 2328 771 2397 xl,
790 2309 862 2384 sic:
1201 2408 1205 2416 Ι

524 2526 526 2533 X
546 2456 639 2524 thue
649 2455 683 2509 rit
692 2456 816 2524 exiguum
828 2473 927 2525 pceuoe,
940 2454 1010 2526 quod
1024 2457 1136 2527 conjuge
1146 2475 1218 2524 cara,

545 2544 628 2615 Quod
639 2564 717 2599 careo
728 2545 827 2615 patria,
838 2546 1042 2617 pignoribusque
1053 2546 1127 2602 meir·

381 2680 497 2776 Quum
514 2692 624 2749 antem
641 2674 831 2768 Augustum
845 2675 1005 2750 Curarem
1020 2674 1256 2778 imprudenter,
1266 2676 1447 2768 etinscius,

381 2809 421 2866 nt
437 2792 508 2893 ipse
523 2789 589 2877 ait,
613 2787 822 2874 offendisset,
839 2788 881 2863 acl
897 2790 1048 2864 Euxinus
1066 2790 1107 2865 ab
1124 2818 1164 2865 eo
1187 2789 1351 2888 relegatus
1373 2810 1447 2881 est,

380 2934 486 2981 annos
500 2920 597 2979 natus
614 2922 654 2989 L;
675 2929 775 3003 quare
790 2903 838 2977 ait
854 2902 889 2976 in
905 2904 1007 2977 Trist.
1026 2902 1082 2977 lib.
1096 2906 1156 2994 IV,
1173 2903 1268 3002 Eleg.
1286 2925 1332 2978 x:

540 3052 656 3120 Postque
668 3069 742 3103 meos
752 3060 826 3104 ortus
837 3050 919 3104 Pim
928 3049 1031 3104 vinctus
1042 3050 1109 3105 oliva

574 3141 725 3197 Abstulerat
735 3141 821 3195 decies
833 3140 940 3211 premia
950 3141 1035 3196 victor
1044 3160 1139 3213 eques:

543 3234 638 3304 Quum
650 3233 730 3287 maris
742 3233 839 3286 Euxini
851 3233 948 3303 positos
960 3232 993 3286 ad
1004 3232 1068 3287 leve
1079 3232 1197 3288 Tomitas

574 3324 703 3393 Querere
715 3342 759 3377 me
771 3322 825 3377 lesi
836 3322 960 3394 principis
970 3322 1009 3377 ira
1019 3322 1101 3392 jubet.

376 3440 546 3517 Describit
569 3458 679 3515 autem
704 3438 885 3514 discessum
903 3467 1000 3513 suum
1019 3466 1058 3514 ex
1073 3438 1175 3528 urbe,
1203 3455 1236 3514 et
1256 3440 1390 3527 uxoris,
1409 3459 1445 3515 et

378 3576 570 3633 ceterorum
594 3585 730 3632 suorum
753 3553 935 3657 lacrymas,
964 3556 1144 3657 duramque
1169 3573 1201 3629 et
1227 3554 1445 3656 periculosam

376 3673 619 3769 navigationem
638 3700 732 3747 suam
749 3673 858 3773 primo
876 3669 917 3745 de
940 3671 1041 3745 Trist.
1061 3668 1161 3766 longa
1181 3669 1343 3772 epistola,
1369 3699 1445 3772 quae

376 3791 495 3894 incipit
507 3823 516 3865 ε

544 3912 637 3982 Quum
648 3912 717 3966 subit
728 3911 796 3966 ibina
807 3911 951 3966 tristissima
962 3910 1045 3964 noctis
1058 3909 1158 3980 imago,
1169 3918 1217 3964 etc.

376 4033 536 4106 Praeterea
554 4029 661 4130 primo
675 4028 715 4103 de
728 4030 841 4101 Ponto
854 4028 890 4100 in
902 4027 998 4131 epist.
1016 4026 1057 4101 ad
1072 4025 1251 4118 Rufinum,
1269 4055 1309 4101 eo
1323 4027 1358 4099 in
1368 4025 1445 4100 locu

376 4184 412 4229 se
429 4152 592 4241 exsulare,
610 4151 669 4225 ubi
687 4177 816 4252 semper
827 4151 967 4227 maxime
979 4150 1089 4225 forent
1101 4149 1241 4247 frigora,
1252 4178 1448 4250 summaque

377 4278 491 4378 inopia
507 4276 673 4350 benorum
692 4272 855 4363 omnium,
873 4273 927 4349 bis
944 4274 1095 4376 queritur
1110 4271 1282 4348 versibus:
