3159 5134
412 596 478 664 DE
502 597 544 663 P.
572 595 767 665 OVIDIO
790 594 1006 664 NASONE.
1173 599 1240 685 403

569 751 854 782 mmmmm

217 918 342 985 AETts
359 922 400 982 11.
422 919 600 997 atntrtt,
618 921 649 983 S·
671 920 1206 986 NAUGERlO-MlCYLLlANA.

612 1073 815 1140 abun-1582.
842 1027 846 1034 ·

221 1234 297 1311 Quis
313 1235 413 1313 primae
429 1233 546 1297 Aldinae
560 1233 725 1313 praenerit,
739 1233 824 1296 uubis
840 1256 902 1297 nun
917 1236 1079 1320 cognitum.
1092 1239 1250 1302 Secundam

181 1334 292 1397 movit
307 1334 401 1395 Andr.
418 1333 591 1414 Naugerius.
614 1334 688 1395 Post
701 1356 787 1416 quem
813 1335 921 1398 Ouidio
946 1335 1078 1414 profuere
1099 1336 1166 1397 Juc.
1186 1341 1253 1401 Mi-

181 1436 293 1517 cyllus,
318 1434 417 1495 Victor
428 1434 591 1506 Giselious,
609 1433 747 1494 Hercules
765 1431 885 1508 Crbfimi.
912 1436 990 1497 Novi
1005 1457 1146 1496 accessere
1161 1438 1254 1499 inter-

182 1547 299 1615 pretes,
316 1556 442 1617 quorum
456 1535 501 1596 uti
514 1535 644 1612 priorum
659 1555 739 1596 uuas
756 1534 956 1612 complectitur
975 1537 1063 1599 editiu
1085 1537 1253 1602 Basileeusis

182 1657 249 1698 ann.
268 1632 346 1709 1543
362 1655 421 1718 seq.
436 1656 488 1697 seu
503 1634 672 1719 Micylliana.

647 1768 723 1833 1502
740 1793 785 1854 sq.

224 1902 336 1965 Aldina
351 1908 385 1979 l,
402 1905 548 1986 Operum,
561 1898 648 1965 deul.
664 1900 758 1965 io-80.
777 1903 877 1966 Primo
888 1900 1033 1967 vulumiue
1047 1905 1253 1967 continentum

184 2003 233 2065 Ad
255 2001 401 2063 Marinum
423 2004 584 2066 Saunutum
609 2000 761 2079 Epistula,
790 2001 840 2083 qui
854 2001 929 2080 apud
945 2004 1066 2064 Graerus
1090 2002 1257 2080 scripsoeiut

187 2108 418 2186 Metapoppdurm
432 2100 511 2162 Aldo
524 2099 704 2185 privilegium
714 2120 882 2162 concessum
892 2099 927 2160 ad
942 2100 1012 2178 reip.
1027 2100 1158 2163 durariae
1170 2102 1256 2162 utili-

185 2211 291 2274 tatem3
310 2196 526 2282 orthographia
540 2197 699 2260 dictionum
720 2219 874 2283 graecarum
885 2220 935 2276 per
950 2198 1080 2260 ordinem
1097 2200 1256 2274 literamm3

186 2299 254 2359 Vita
267 2297 367 2360 Ovidii
382 2318 417 2358 ex
431 2295 519 2376 ipsius
534 2296 680 2374 operibus,
694 2297 783 2359 ludex
794 2297 1162 2383 fabularumetcaetcromm
1175 2322 1258 2380 ,quan
1284 2372 1286 2374 ¹

188 2399 290 2461 insunt
302 2397 334 2458 in
350 2398 408 2459 boc
422 2396 496 2458 libru
507 2395 665 2458 secundum
676 2396 807 2458 ordinem
817 2395 971 2476 alphabeti,
984 2396 1082 2459 Ovidii
1097 2399 1259 2458 Metamor-

187 2499 321 2577 phoseun
335 2494 401 2557 libri
415 2495 589 2578 quindecim.
616 2499 651 2556 ln
672 2496 728 2558 fine
751 2518 759 2556 z
782 2521 798 2552 α
817 2496 966 2570 Venetiis,
990 2495 1021 2555 in
1042 2494 1150 2557 sedibus
1167 2496 1257 2572 Aldi,

188 2619 286 2661 mense
307 2598 433 2660 Octobri
450 2597 558 2657 MDll.
575 2625 591 2651 »
611 2594 775 2658 Secundum
789 2594 874 2657 babet
890 2620 897 2657 :
920 2596 1079 2656 Heroidum
1094 2597 1259 2675 Epistulas,

189 2694 261 2757 tuli
282 2693 379 2755 Sabini
405 2693 570 2772 Epistulas,
595 2692 684 2755 libros
700 2694 843 2774 Amorum
866 2704 895 2753 ct
916 2692 951 2752 de
974 2695 1047 2753 Arte
1063 2693 1207 2766 Amandi,
1223 2695 1260 2757 de
1285 2773 1287 2778 Ι

188 2795 330 2860 Remedio
345 2795 462 2857 Amoris
475 2839 488 2878 ,Ἴ
499 2795 531 2856 in
550 2794 614 2855 ibin
626 2836 635 2868 ,
648 2792 808 2872 Epistulam
821 2795 856 2854 ad
870 2793 978 2855 Liviam
995 2794 1028 2856 de
1041 2806 1134 2855 morte
1150 2796 1259 2872 Drusi,

188 2898 225 2960 de
245 2899 349 2971 Nuce,
375 2896 410 2957 de
427 2894 614 2957 llledicamine
629 2892 718 2954 boici.
741 2898 775 2955 ln
788 2894 847 2955 fine
867 2914 874 2953 :
892 2920 907 2946 u
924 2892 1074 2967 Venetiis,
1098 2894 1129 2953 iu
1152 2894 1260 2957 cedibus

97 3049 101 3064 ‚
191 2993 282 3069 Aldi,
305 3016 403 3057 mense
419 2992 572 3056 Decembri
585 2993 695 3052 MDII.
712 3018 728 3047 s
755 2994 790 3053 ln
807 2991 894 3054 tertio
910 2990 1078 3054 exhibentur
1090 3016 1097 3052 :
1109 2997 1261 3054 Fastorum

189 3094 276 3170 libri,
292 3093 326 3156 de
339 3092 483 3154 Tristibus
497 3091 562 3152 libri
576 3134 585 3164 ‚
602 3092 637 3151 de
652 3092 758 3151 Ponto.
772 3094 808 3151 ln
822 3092 877 3152 fine
888 3095 1037 3154 Fastorum
1054 3116 1062 3153 ι
1084 3120 1098 3146 u
1110 3093 1261 3169 Venetiis,

190 3193 224 3253 in
237 3190 305 3254 Aldi
320 3190 443 3251 Romani
460 3186 612 3250 Academia
625 3207 741 3260 ,meuse
754 3189 889 3249 ianuario
902 3191 1011 3250 MDlI.
1025 3217 1039 3245 a
1059 3194 1093 3252 lu
1108 3192 1165 3251 line
1177 3191 1261 3251 Tris-

191 3291 264 3354 tium
285 3303 314 3351 et
338 3290 372 3349 de
392 3290 490 3349 Puntu
511 3309 520 3346 t
546 3311 561 3341 α
579 3284 731 3361 venetiis,
761 3285 792 3345 in
813 3287 964 3349 Academia
984 3288 1073 3365 Aldi,
1091 3311 1188 3351 meuse
1202 3293 1262 3352 Fe-

193 3392 308 3456 bruario
326 3390 450 3451 Mum.
474 3416 489 3443 ι»
867 3411 869 3416 s

359 3517 484 3574 Cavimus
495 3538 502 3573 :
516 3527 542 3572 at
553 3515 573 3571 si
586 3516 644 3587 quis
655 3515 731 3570 nubis
743 3534 799 3570 nun
810 3515 900 3571 credat
911 3537 1016 3586 avarus,

391 3610 494 3667 incidet
506 3610 535 3662 in
548 3628 630 3666 casm
641 3608 729 3679 preda
740 3609 822 3679 petita
833 3628 915 3663 meus.

194 3732 322 3805 Panum
344 3740 419 3790 tom.
441 3728 542 3801 vm,
558 3749 621 3812 pag.
637 3724 707 3786 355.

235 3834 429 3914 Epistularum
446 3834 610 3897 lleruidum
626 3833 706 3896 liber.
727 3838 763 3896 lu
780 3833 836 3895 fine
849 3857 857 3894 ι
872 3860 886 3886 u
903 3836 1080 3910 impressum
1097 3834 1198 3918 Lipuk
1213 3860 1265 3919 per

195 3933 336 3996 Jacobom
361 3935 497 3996 Thanner
524 3932 785 4012 Herbipoleusem,
807 3933 915 3994 MDlI.
937 3959 952 3989 a
975 3934 1063 4010 in·4⁰.
1079 3967 1120 3981 ·-
1140 3937 1264 4010 Pauaer,

195 4033 366 4107 tom.v11‚
385 4054 447 4117 pag.
466 4030 533 4104 142.

238 4140 284 4198 De
302 4138 376 4200 Arte
387 4137 512 4197 Amaudi
528 4148 558 4196 et
577 4136 717 4198 Remedio
733 4136 860 4198 Amoris.
875 4140 911 4200 ln
928 4137 1006 4199 fine:
1030 4163 1045 4193 α
1059 4138 1266 4200 Venundautur

198 4237 337 4321 Lugduni
353 4237 390 4298 ab
408 4241 469 4300 dac.
486 4240 680 4320 Huguetanu:
696 4248 727 4298 et
740 4237 890 4299 Parrbisiis
909 4239 940 4299 iu
957 4239 1021 4301 vico
1043 4239 1140 4301 Sancti
1166 4238 1268 4300 Jacobi

200 4337 254 4401 sub
266 4338 341 4404 Diva
356 4338 477 4420 Virgine
491 4356 582 4420 prope
597 4337 733 4400 sannam
747 4334 958 4399 Beuecbctum:
976 4337 1119 4420 impressit
1133 4337 1270 4424 Lugduni
1301 4417 1303 4423 Α
1385 4405 1386 4408 ¹
