3159 5134
356 552 422 639 244
684 556 724 622 Ρ.
749 556 931 625 OVlDll
957 557 1094 624 VITA

357 730 376 761 »
398 724 437 769 ex
455 723 512 770 ore
530 696 665 791 Georgii
679 697 909 798 Trapezuntii,
929 698 1125 774 Tomitanos
1141 697 1279 798 Scythas
1295 698 1418 773 Ovidio

357 848 376 881 ι)
396 833 502 915 poete
518 815 584 889 vita
602 814 774 903 defirncto,
795 814 911 890 collata
927 844 944 889 e
959 814 1097 917 publico
1110 818 1267 918 pecunia,
1282 834 1421 918 propter

359 930 522 1025 »ingenii
548 930 758 1006 nobilitatem
784 932 920 1033 tymbon
942 931 1114 1028 magnifice
1137 933 1317 1019 struxisse,
1345 951 1421 1007 ante

356 1082 376 1114 »
396 1047 511 1148 oppidi
526 1066 672 1148 portam,
685 1050 721 1122 in
735 1047 810 1122 loco
824 1049 962 1123 maxime
974 1046 1095 1123 celebri
1111 1079 1119 1122 ε
1137 1049 1285 1150 quamvis
1297 1048 1372 1138 ille,
1386 1068 1420 1124 et

358 1192 377 1230 s
395 1164 590 1265 peregrinus
603 1182 705 1252 esset,
719 1182 753 1238 et
765 1163 808 1238 ab
822 1164 976 1261 Augusto
987 1165 1115 1240 Caesare
1124 1165 1420 1267 proscriptusVe·

356 1313 375 1346 a
396 1278 565 1353 rumbane
575 1280 748 1380 utriusque
759 1280 980 1379 conjecturam
992 1281 1210 1356 recentiorum
1222 1281 1421 1385 experientia

359 1428 378 1460 »
399 1394 591 1468 emendavit.
609 1395 734 1469 Scribit
747 1397 834 1470 enim
848 1396 977 1497 Gaspar
988 1397 1188 1485 Bruschius,
1204 1426 1293 1471 anno
1312 1396 1419 1484 1508,

356 1546 377 1579 »
398 1513 511 1588 Ovidii
521 1511 750 1614 sepulchrum,
767 1511 949 1614 lapideum,
961 1530 1172 1601 cameratum,
1185 1515 1423 1616 epitaphioqne

357 1662 377 1695 u
396 1646 568 1715 ornatum,
584 1629 620 1702 in
636 1626 763 1729 oppido
782 1627 937 1715 Sabaria,
955 1629 1061 1729 patria
1080 1629 1156 1701 Divi
1179 1630 1320 1703 Martini>
1334 1630 1421 1731 epis·

356 1779 377 1813 s
396 1746 487 1847 copi,
504 1774 575 1820 esse
589 1745 772 1819 inventum.
785 1746 826 1819 ld
844 1744 1005 1846 oppidum
1018 1746 1052 1821 in
1069 1746 1239 1822 Pannonia
1252 1749 1423 1849 superiore

358 1895 377 1929 u
396 1861 596 1937 Ptolomeus
614 1861 727 1962 ponit,
747 1860 840 1959 eujus
856 1861 1007 1935 meminit
1017 1861 1165 1950 Plinius,
1179 1863 1372 1964 Antoninus
1385 1865 1423 1937 in

358 2011 377 2043 »
397 1975 586 2064 itinerario,
599 1977 794 2051 Ammianus
813 1975 927 2052 etalii.
945 2012 963 2043 »

406 2093 556 2170 Ortelius
571 2121 671 2180 vero,
694 2111 734 2166 ut
744 2093 810 2167 hoc
826 2094 1027 2182 inseramus,
1047 2092 1088 2167 de
1103 2092 1236 2169 Subaris
1255 2093 1421 2170 scribens:

302 2230 305 2240 ·
360 2240 377 2272 α
399 2207 551 2294 Sabaria,
565 2207 677 2307 iuquit
687 2207 786 2281 Latio
798 2216 806 2245 ¹
820 2207 981 2294 ,Austriae
992 2207 1152 2313 oppidum
1160 2226 1209 2283 est
1220 2208 1260 2282 ad
1269 2211 1422 2305 Angrnm

360 2358 380 2391 u
399 2323 684 2403 fluviumnomine
701 2321 801 2396 Staio.
825 2322 954 2423 Gaspar
967 2324 1152 2399 Bruschius
1167 2325 1248 2399 dicit
1263 2325 1424 2401 hirenus

360 2470 379 2503 »
399 2455 526 2511 unvur
545 2432 755 2536 sepulchrum
775 2437 906 2513 Ovtnu
923 2440 1079 2514 Nasutus
1100 2439 1294 2529 inventum,
1319 2457 1424 2515 testu·

359 2588 379 2620 »
400 2555 474 2628 diue
489 2551 719 2649 magnificum,
738 2570 771 2625 et
786 2552 850 2626 boc
868 2552 1036 2654 epitaphio
1054 2572 1228 2630 umatum:

553 2683 658 2736 Ferunt
672 2695 865 2738 recmsrrsrrs
878 2699 938 2738 ux.

522 2779 574 2835 Hic
585 2781 648 2834 situs
658 2791 697 2835 est
708 2793 796 2849 vetes,
809 2801 889 2851 quent
903 2783 957 2837 divi
971 2784 1080 2839 Ctesaris
1091 2785 1130 2839 ira

557 2865 670 2935 Augusti
684 2867 765 2936 patria
777 2866 871 2922 cedere
882 2868 957 2938 jussit
967 2869 1057 2923 burno.

523 2949 599 3019 Stepe
612 2950 694 3003 muer
703 2950 786 3005 voluit
798 2952 886 3022 patriis
898 2953 1052 3008 ooeumbere
1066 2955 1158 3023 terris,

558 3033 612 3087 Sed
625 3033 736 3100 frustra;
750 3032 822 3091 bane
833 3035 871 3091 illi
880 3035 935 3093 sata
947 3037 1044 3093 dedere
1056 3039 1152 3093 locum.

361 3146 424 3230 At,
441 3171 483 3217 ne
496 3142 537 3218 de
549 3143 669 3218 borum
682 3147 862 3237 carminruu
876 3147 1036 3245 elegantia
1049 3151 1269 3252 disputemus,
1287 3157 1342 3229 vin
1355 3185 1424 3232 cre·

362 3258 465 3334 dibile
480 3259 626 3345 ridetur,
645 3261 803 3336 Ovidium
820 3263 978 3351 Sabaria
1005 3294 1077 3367 quae
1092 3268 1158 3341 fuit
1171 3297 1190 3343 a
1201 3269 1316 3343 Tomis
1334 3270 1425 3346 haud

361 3406 479 3480 parum
494 3377 607 3452 dissita
627 3377 729 3465 urbs,
747 3379 960 3480 sepulchrum
977 3383 1150 3473 babuisse,
1165 3388 1304 3463 maxime
1321 3417 1424 3489 quum

362 3491 586 3592 Hieronymus
606 3491 727 3566 diserte
739 3496 879 3583 scribat,
898 3524 972 3570 enm
982 3497 1076 3596 juxta
1091 3499 1235 3600 oppedum
1250 3501 1284 3575 T
1281 3526 1367 3577 omos
1379 3530 1425 3577 se·

358 3608 481 3710 pultum
494 3608 606 3682 luisse.
625 3611 693 3683 Nec
710 3609 745 3683 id
760 3610 934 3685 verisimile
951 3612 1051 3688 eflicit
1066 3614 1156 3715 quod
1169 3617 1335 3693 lutosus
1347 3621 1427 3694 sub.

364 3723 476 3822 jungit
494 3753 502 3796 ε
522 3719 547 3788 ’«
569 3722 677 3798 Credo
695 3741 803 3798 autem
821 3754 893 3800 eum
913 3728 1117 3830 (Ovidium)
1131 3754 1198 3805 non
1216 3761 1285 3806 uuo
1298 3734 1427 3810 induco

367 3872 387 3906 ι)
407 3837 613 3924 constitisse,
631 3839 687 3913 sed
705 3841 740 3913 in
758 3840 945 3917 Pannonias
963 3845 1161 3949 quandoque
1180 3848 1374 3938 divertisse,
1391 3871 1429 3925 nt

369 3986 387 4021 s
406 3953 539 4028 tedium
552 3952 740 4030 solitudinis
754 3954 891 4046 levaret,
906 3959 1079 4035 doctorum
1092 3964 1237 4037 virorum
1247 3968 1428 4056 consortio,

368 4102 386 4134 u
407 4069 466 4171 qui
487 4069 597 4143 isthuc
625 4099 665 4144 ex
689 4070 784 4145 ltalia
804 4072 991 4175 trequentes
1013 4078 1251 4167 adventabant,
1268 4080 1330 4155 ubi
1355 4110 1427 4156 eum

369 4220 386 4252 »
407 4184 537 4261 tandem
556 4214 646 4262 mors
665 4187 832 4288 insperata
849 4194 1058 4292 oppresserit.
1081 4229 1098 4261 s
1123 4195 1317 4272 Absurdum
1340 4199 1427 4274 enim

399 4340 408 4369 ¹
426 4334 579 4392 comment
592 4336 667 4406 Reip.
680 4338 758 4393 Rom.
769 4338 812 4393 lib.
822 4339 890 4407 ΧΠ,
901 4360 956 4412 cap.
969 4363 992 4396 π.
