3159 5134
438 517 537 583 PER
559 519 593 584 J.
619 516 847 585 Messon.
1109 523 1177 584 115·

275 658 361 710 Arma
371 655 421 710 virt
433 656 509 711 fortis
521 658 620 718 modios
632 658 771 712 mittantur
783 659 811 711 in
823 657 930 723 bootae,

277 748 343 803 lude
353 749 443 817 jubete
455 748 509 819 peti
522 752 547 801 ¹:

117 899 130 935 s
149 887 183 944 ct
199 866 301 943 alium
318 895 355 941 en
373 866 522 943 suasoria
536 895 691 954 sensum,
716 895 844 967 querna
857 867 1176 944 huoremannus

117 1018 133 1048 »
150 1002 210 1058 est.
224 981 365 1056 Memini
380 981 546 1055 Lucrum
558 982 593 1055 in
603 982 794 1083 praelatione
805 982 945 1085 quadam
955 984 1071 1072 dicere,
1085 985 1176 1085 qnod

118 1136 135 1168 »
154 1099 345 1177 scholastici
361 1097 456 1199 qnasi
471 1127 601 1173 carmen
622 1098 804 1174 didicerant
823 1132 830 1174 :
851 1128 919 1175 non
935 1100 1043 1189 rides,
1060 1119 1101 1175 ut
1115 1102 1177 1176 im·
1261 1159 1264 1170 .

117 1253 135 1284 o
155 1236 244 1293 mota
255 1218 308 1290 sax
324 1209 476 1316 torpeatss
486 1232 518 1287 et
529 1215 691 1309 exagitata
704 1215 819 1300 reddat
832 1216 948 1308 ignes?
962 1214 1072 1291 mollit
1087 1218 1176 1291 viros

118 1369 137 1404 s
155 1337 280 1420 otium,
297 1333 420 1408 ferrum
438 1333 503 1406 situ
523 1333 669 1433 carpitur
681 1350 715 1407 et
729 1333 916 1429 rubiginem
930 1333 1038 1422 ducit;
1053 1333 1178 1410 desidia

119 1487 135 1518 n
151 1452 298 1528 dedocet.
317 1451 409 1524 Naso
424 1447 508 1521 dixit
523 1477 531 1519 ι

277 1614 341 1669 Vidi
354 1633 404 1685 ego
415 1615 521 1684 jactatas
531 1624 603 1667 mota
615 1613 669 1668 face
682 1634 801 1670 tremere
809 1615 929 1674 flammae
940 1639 947 1672 ι

309 1706 347 1762 Et
355 1725 463 1772 rursm,
475 1705 741 1774 nulloconcutiunte,
755 1709 856 1766 mori*

121 1887 136 1918 s
152 1854 249 1927 Tunc
265 1867 374 1924 autem
393 1875 495 1950 quum
512 1844 676 1936 studeret,
693 1848 880 1925 habebatur
890 1851 1002 1926 bonus
1020 1853 1179 1929 declama·

121 1985 218 2041 otor.
246 1965 344 2037 Hanc
367 1979 454 2036 certe
478 1963 732 2039 controversiam
761 1983 836 2039 ante
857 1966 1015 2041 Arellium
1042 1967 1182 2043 Fuscum

121 2115 137 2148 o
154 2078 369 2167 declamavit,
383 2076 511 2150 utmrlri
521 2076 801 2176 videbaturlonge
811 2080 1029 2175 ingeniosius3
1044 2079 1181 2187 excepto

122 2233 137 2264 »
156 2228 218 2285 eo,
237 2194 330 2296 quod
346 2194 418 2268 sine
434 2210 523 2268 certo
543 2192 658 2268 ordine
676 2222 735 2294 per
750 2193 842 2268 locos
861 2194 1071 2289 discurreret,
1088 2217 1150 2274 etc.
1168 2199 1181 2240 ³

121 2350 137 2382 n
154 2314 372 2392 Declamabat
384 2329 493 2385 autem
505 2314 595 2385 Naso
608 2339 684 2385 raro
696 2312 956 2400 controversias,
974 2315 1030 2388 sed
1049 2317 1184 2391 nonnisi

121 2469 138 2499 n
155 2434 282 2510 ethicas
306 2462 315 2506 :
337 2428 495 2527 libentius
513 2426 646 2501 dicebat
659 2425 823 2503 suasorias
850 2460 858 2502 ε
882 2428 1019 2508 molesta
1042 2431 1091 2506 illi
1113 2453 1183 2509 erat

121 2584 137 2615 n
155 2549 266 2624 omnis
282 2546 538 2642 argumentatio,
558 2560 617 2617 etc.
637 2577 655 2609 »
700 2563 705 2578 ¹

162 2663 218 2737 Illi
232 2679 342 2736 autem
357 2661 423 2734 duo
436 2659 607 2747 rhetores,
626 2686 711 2759 quos
728 2658 869 2734 Ovidius
885 2678 1027 2736 sectatus
1044 2680 1111 2752 est,
1130 2664 1182 2739 bis

119 2777 324 2882 temporibus
340 2777 454 2851 Roma
466 2774 601 2849 bierunt
615 2774 827 2849 celeberrimi.
843 2777 895 2850 M.
917 2776 1046 2851 Porcries
1062 2778 1178 2866 Latro,

118 2920 315 2995 magnopere
330 2890 484 2968 laudatur
500 2891 542 2964 ab
560 2891 674 2965 eodem
693 2890 833 2978 Seneca,
852 2890 910 2991 qui
926 2892 996 2990 ejus
1014 2894 1184 2967 carissimus

116 3012 222 3086 fuerat
235 3008 362 3093 sodalis,
375 3024 407 3081 et
416 3035 437 3081 o
445 3006 550 3109 puina
560 3006 798 3106 poeniceusque
806 3005 852 3078 od
858 3007 993 3080 umatum
1007 3008 1072 3109 eliu
1084 3007 1179 3110 diem,

106 3130 293 3226 smnb'orem
316 3126 478 3200 umirlr'um
501 3122 648 3199 coluerat
664 3122 688 3196 ⁴.
711 3158 729 3189 c
748 3123 859 3212 Nibil,
878 3126 1009 3226 inquit,
1034 3124 1098 3199 illo
1110 3128 1183 3202 viro

121 3281 138 3312 n
157 3247 301 3342 gravius,
310 3243 395 3319 nibil
406 3243 548 3330 suarius,
558 3240 642 3315 nibil
653 3239 843 3342 eloquentia
858 3270 917 3317 sna
926 3243 1075 3338 dignius,
1088 3262 1149 3320 etc.
1162 3279 1180 3311 »

150 3441 159 3469 ¹
178 3435 362 3505 Reperiuntur
374 3434 484 3487 Metam.
496 3432 539 3486 lib.
552 3430 636 3500 Xlll,
646 3451 712 3486 vere.
729 3453 769 3484 rur
786 3452 840 3501 sqq.

151 3523 164 3552 ²
180 3519 267 3573 lidem
279 3516 423 3572 Amonlib.
434 3517 464 3584 l,
480 3514 553 3586 Etru
562 3532 600 3583 11,
613 3534 679 3568 cers.
695 3536 722 3568 ιι
735 3526 761 3568 et
776 3535 821 3583 ro,
835 3514 885 3569 niel
899 3516 968 3586 quod
980 3536 1027 3582 ra,
1038 3517 1185 3571 dehabea-

120 3618 203 3660 turc«
215 3605 252 3659 Et
261 3602 329 3670 vidi,
342 3602 415 3656 nullo
424 3602 606 3667 concutiente,
621 3601 697 3654 mori.
713 3622 726 3646 ν
739 3600 793 3653 Sed
809 3600 850 3653 alii
867 3600 936 3654 sorte
947 3611 1010 3655 sunt
1020 3601 1063 3656 bic
1079 3604 1185 3674 omissi,

118 3690 213 3758 qmbm
231 3687 311 3740 cotim
330 3684 470 3756 superioria
490 3683 628 3738 sententia
648 3684 759 3737 imitatio
777 3683 865 3737 luerat
877 3684 1097 3752 demonstranda,
1116 3687 1186 3758 iique

119 3772 244 3826 videntur
255 3788 325 3835 esse,
337 3769 466 3838 quosjam
480 3766 550 3821 And.
570 3768 693 3822 Scbottus
712 3767 852 3833 indicavit,
873 3768 925 3824 scil.
943 3769 975 3823 de
994 3771 1072 3825 Pont.
1091 3773 1135 3826 lib.
1153 3771 1184 3840 l,

118 3857 203 3927 Epist.
210 3873 239 3923 v,
248 3875 313 3908 vers.
323 3859 338 3909 5
348 3872 355 3906 :
364 3876 377 3899 c
388 3852 499 3918 Cereris,
509 3862 538 3905 ut
546 3851 669 3922 ignauum
677 3863 847 3922 corrumpant
857 3854 909 3907 otia
919 3871 1025 3924 corpus,
1035 3865 1083 3910 etc.
1092 3879 1105 3903 »
1115 3856 1183 3910 Vide

118 3939 233 3996 Remea.
245 3940 271 4005 l,
285 3957 350 3992 ven.
365 3936 610 4009 139;Triu.ttb.V,
624 3936 697 4006 Elea.
707 3953 763 4000 111,
772 3957 838 3991 vera.
846 3958 875 3991 ar
888 3957 918 3991 :c
928 3938 1020 4006 Adde,
1032 3938 1102 4009 quod
1114 3937 1184 4010 inge·

117 4027 195 4081 nium
205 4026 281 4095 longa
296 4024 415 4093 rubigine
427 4021 645 4091 lacumTorpct,
655 4033 704 4077 etc.
713 4044 727 4069 υ
956 4051 959 4058 ’
994 4023 997 4030 ’

151 4112 163 4145 ³
182 4107 313 4179 Quodam
322 4119 411 4178 postea
421 4107 521 4161 Seneca
532 4107 634 4178 profert
644 4126 675 4160 er
684 4105 728 4159 illa
740 4105 851 4161 Nasonis
863 4107 1051 4164 declamatione
1059 4128 1079 4162 a
1087 4128 1116 4162 ae
1130 4127 1181 4162 ex·

114 4207 218 4268 cerpta,
230 4211 290 4264 quc
298 4192 400 4246 viderie.

147 4280 159 4314 ⁸
178 4276 308 4331 Controv.
319 4276 363 4329 lib,
372 4274 402 4339 l,
419 4273 497 4327 Pnt.
