3159 5134
369 512 434 597 240
693 512 732 576 u.
764 508 945 580 ovlnn
972 510 1107 581 vira

370 650 592 759 proculdubio
609 652 763 728 canninis
780 656 904 751 gratia,
922 654 1014 756 qnod
1028 653 1126 755 getico
1140 653 1183 726 ab
1202 680 1242 726 eo
1258 654 1446 729 concinna-

371 791 459 857 tum,
481 796 581 869 snpra
596 768 749 844 vidimus.

420 890 462 959 V.
474 888 619 961 Ceteras
628 913 706 960 vero
717 885 864 984 ejusdem
875 886 953 961 iibri
966 885 1157 988 Epistulas,
1171 914 1274 987 quum
1284 886 1446 988 temporis

374 1021 462 1078 notae
479 1001 607 1090 desint,
625 1003 724 1076 nobis
747 1001 912 1076 nonlicet
938 1002 979 1077 ad
999 1019 1125 1076 certum
1145 1000 1290 1096 adligare
1307 1029 1444 1075 annum.

373 1120 472 1194 Patet
489 1136 618 1193 tantum
634 1118 791 1221 insuper,
809 1138 861 1193 ΧΗ
881 1118 1034 1193 Tuticuno
1049 1136 1129 1221 post
1144 1118 1288 1214 Augusti
1312 1118 1446 1193 obitum

375 1237 483 1313 datam
501 1264 589 1321 esse,
607 1264 647 1310 ex
662 1262 745 1310 vers.
766 1232 813 1335 39
828 1251 860 1308 et
879 1235 935 1328 do.
954 1238 1004 1308 Ea
1016 1233 1135 1309 deinde
1149 1235 1318 1337 posterior
1333 1251 1384 1309 est
1395 1235 1448 1309 de·

374 1355 593 1454 citro-quarta,
613 1369 652 1425 ut
670 1350 803 1426 collatio
819 1352 927 1425 docet

554 1670 636 1724 Anno
650 1669 683 1723 C.
696 1686 773 1733 xvn3
786 1669 823 1725 U.
836 1667 869 1722 C.
882 1683 1007 1736 uocum
1021 1667 1112 1724 Ovidii
1124 1684 1169 1722 ux
1182 1679 1209 1722 et
1221 1685 1263 1722 nx.

448 1809 480 1862 C.
500 1806 667 1864 CAECIL'IO
685 1810 809 1877 RUFO,
829 1810 858 1862 L,
876 1807 1082 1865 POMPONIO
1101 1808 1253 1865 FLACCO
1273 1807 1376 1864 COSS.
1422 1882 1426 1899 ,

427 1958 455 2028 1.
485 1955 740 2029 GERMANICUM
759 1954 813 2029 his
827 1953 1026 2029 consulibus
1049 1952 1095 2027 od
1112 1971 1166 2028 vtt
1189 1953 1313 2043 ΙωΙιηᾰ.
1333 1952 1451 2028 laneos

381 2069 608 2169 tuirraphorisse
618 2068 657 2142 de
671 2067 850 2154 Cheruscis,
871 2067 1049 2171 Chattisque
1057 2085 1090 2145 et
1100 2069 1310 2170 Augn'oaaeie‘s,
1323 2095 1452 2170 querque

380 2186 454 2259 odie
471 2186 608 2259 notiones
628 2213 720 2288 usque
743 2185 789 2258 od
807 2185 919 2261 Albim
942 2187 1061 2272 colunt,
1093 2186 1213 2261 diserte
1234 2183 1336 2260 tradit
1353 2183 1453 2257 Taci-

382 2321 438 2378 tus
457 2313 479 2376 ¹.
501 2304 630 2378 Idcirco
648 2302 739 2378 haud
756 2321 831 2378 ante
850 2304 939 2379 hunc
953 2332 1076 2380 annum
1096 2305 1237 2380 Ovidius
1252 2304 1451 2379 Fasronun

383 2420 489 2494 libros
507 2419 626 2506 edidit3
653 2418 818 2520 siquidem
834 2420 932 2495 istius
948 2420 1097 2522 tnuospdc'
1108 2423 1257 2498 meminit
1274 2421 1334 2496 lib.
1352 2423 1388 2510 l,
1404 2420 1452 2493 sic

385 2535 496 2634 ipsum
511 2533 693 2634 adloquens
708 2534 846 2620 Ionum,
866 2560 980 2610 avers.
1001 2560 1097 2637 277:
1181 2572 1186 2585 ⁵

545 2688 581 2738 At
593 2704 642 2738 cur
648 2704 715 2752 pace
724 2683 805 2754 lates,
817 2685 947 2755 motisque
958 2685 1099 2742 recluderis
1111 2685 1263 2754 semissem.

385 2801 468 2875 Mox
487 2801 578 2875 Deus
595 2800 800 2901 respondet:

549 2949 616 3002 Pace
630 2949 702 3003 fores
714 2949 799 3016 obdu,
813 2969 846 3003 ne
860 2970 912 3020 qua
924 2920 1057 3007 discedere
1072 2952 1167 3022 possit3

582 3031 756 3106 Cesareoque
768 3040 813 3089 dia
827 3038 937 3092 numine
947 3042 1052 3093 clausus
1062 3058 1111 3093 ero.

387 3150 529 3249 Ipseque
545 3168 644 3251 poeta
659 3151 838 3250 subjungit
849 3153 891 3229 ad
909 3155 1163 3233 Germanicum:

555 3291 645 3358 Dixit,
662 3292 829 3347 etadrottero
841 3295 1174 3361 walciodorensem,
1281 3284 1290 3293 ’

582 3374 709 3444 Adspexit
719 3387 776 3429 toto
788 3377 916 3447 quidquid
931 3379 958 3432 in
971 3377 1035 3430 orbe
1047 3378 1107 3432 fuit.

553 3460 691 3527 Parent,
704 3472 731 3515 et
743 3468 835 3523 ceste,
851 3465 1013 3527 Germana,
1026 3482 1102 3518 cansa
1113 3466 1247 3532 coempti:

582 3543 739 3597 Tradiderat
750 3544 861 3599 tamaius
873 3546 927 3615 ium
939 3547 986 3601 tibi
997 3549 1102 3601 Rhenus
1113 3564 1206 3617 σφωε,
1218 3559 1267 3603 eto

389 3665 553 3767 Equidem
569 3667 634 3765 jam
652 3666 693 3741 ab
706 3682 800 3742 'anno
818 3672 861 3742 U.
878 3671 917 3745 C.
936 3691 1142 3761 ucetxvttl,
1162 3672 1332 3774 triumphus
1347 3674 1457 3751 illude

393 3782 567 3856 Germania
588 3781 693 3857 eidem
708 3786 853 3887 principi
872 3787 1022 3865 decretos
1037 3792 1163 3879 suerat,
1180 3782 1219 3864 rit
1235 3788 1307 3891 ip'se
1322 3788 1459 3866 Tacitus
1474 3784 1480 3794 ⁵

390 3915 466 3971 aute
485 3909 497 3936 ²
516 3917 702 3973 narraverat
718 3928 725 3974 :
739 3929 776 3974 ac
793 3904 934 4002 proinde
951 3904 1064 3981 saltem
1083 3906 1173 3981 haud
1190 3925 1264 3982 ante
1280 3908 1382 3983 istum
1400 3938 1460 3983 an-

392 4045 472 4090 num
490 4016 589 4090 Fasti
601 4017 736 4091 suerunt
752 4019 886 4115 vulgati.
904 4024 1006 4121 Quod
1023 4022 1127 4098 etalii
1144 4025 1345 4105 characteres
1362 4055 1460 4130 supra

423 4186 431 4215 ¹
446 4182 543 4237 Annei.
554 4182 598 4237 tib.
610 4184 637 4238 li
668 4204 722 4255 cap.
737 4188 775 4254 4¹·

422 4267 435 4298 ²
450 4265 508 4321 ibid
527 4287 582 4337 cap.
596 4267 638 4324 26.
