3159 5134
347 582 414 647 550
688 572 1068 642 DISSERTATIO

346 719 510 798 Corripitur
520 729 614 778 autem
625 731 638 776 1
651 715 683 776 in
694 714 818 777 mounda
827 716 941 776 Ovton
952 713 1072 797 syllaba,
1086 725 1176 791 prout
1184 714 1229 778 rel
1240 736 1275 776 ex
1286 715 1417 774 Martiale

344 839 465 899 notum,
481 823 529 885 lib.
544 827 577 896 l,
593 822 683 906 epigr.
707 820 802 895 ηδ’,
820 821 870 881 ubi
881 820 917 881 ad
935 843 1018 882 suum
1030 820 1192 882 familiarem
1206 820 1245 896 Q.
1256 820 1417 883 Ovidium:

346 935 384 994 Iu
401 933 604 1003 Nomentanis,
621 931 740 1002 Ovum,
754 929 830 1010 quod
841 930 969 988 nuscitur
981 929 1058 988 arvis
1064 973 1076 1004 ,
1090 942 1146 989 ete.
1160 929 1295 1010 Denique
1308 944 1366 1000 111,
1384 930 1416 988 in

344 1052 494 1103 orfflttox
511 1058 572 1098 non
587 1037 676 1097 modo
691 1057 747 1118 pro
760 1053 771 1095 ι
782 1035 873 1095 vocali
886 1035 971 1117 longa
984 1045 1056 1106 stat,
1073 1034 1124 1094 sed
1143 1047 1173 1096 et
1185 1055 1238 1117 pro
1250 1034 1416 1116 diphtongo

346 1147 452 1223 divisa,
467 1149 546 1227 juxta
557 1145 677 1205 loturam
693 1145 832 1203 lotttcstt
849 1155 870 1200 ¹.
887 1143 980 1226 Igitur
990 1142 1231 1223 quemadmodum
1244 1156 1414 1204 uottmssot

258 1276 262 1281 ’
342 1256 374 1316 ln
389 1251 520 1315 Nummis
537 1262 566 1310 et
583 1249 770 1327 scriptoribus
786 1248 899 1310 Graecis
912 1260 1065 1329 usurpatur
1081 1270 1136 1330 pro
1151 1248 1305 1309 latinorum
1325 1250 1416 1308 Pom-

344 1375 440 1424 nssos
455 1378 516 1419 non
532 1377 601 1418 vero
612 1357 801 1426 Pompeium
822 1355 860 1414 ita
874 1366 904 1416 et
918 1367 1065 1418 mutulos
1080 1377 1135 1438 pro
1144 1354 1282 1416 Vnmsus
1295 1354 1416 1416 omnino

344 1464 518 1536 sumendus,
534 1483 710 1545 nequaquam
726 1481 796 1522 vero
809 1481 863 1542 pro
875 1463 1027 1522 ovinum.

385 1573 457 1633 ΧΠ.
482 1570 537 1631 llis
556 1569 594 1629 ita
610 1568 762 1641 discussis,
779 1568 893 1644 penitus
913 1582 1085 1629 evanescunt
1100 1569 1147 1631 cl.
1167 1568 1275 1631 deini
1295 1582 1304 1608 ¹
1323 1569 1415 1631 dubia.

346 1678 436 1755 Quod
448 1698 515 1739 sane
525 1676 648 1755 primum
659 1674 759 1757 objicit
771 1717 781 1747 ,
800 1688 823 1736 fl
835 1673 901 1735 loco
915 1686 961 1737 τοῦ
973 1691 1002 1749 1,
1012 1695 1110 1757 sapen
1120 1678 1274 1756 sequiorem
1288 1687 1413 1751 mem,

344 1786 417 1859 boc,
434 1785 566 1866 inquam,
578 1803 640 1844 non
651 1782 723 1843 bene
735 1782 816 1859 sapio
827 1827 836 1855 ,
848 1782 987 1864 siquidem
998 1796 1033 1844 ffl
1044 1782 1075 1841 in
1089 1795 1243 1845 οΥΗΙΔΙοΣ
1254 1805 1316 1844 non
1327 1785 1416 1866 magis

344 1905 400 1955 stat
409 1914 463 1972 pro
475 1909 506 1965 t,
522 1912 606 1974 quam
621 1890 652 1950 in
670 1900 851 1953 notssllssot.
867 1900 902 1950 2⁰
917 1890 963 1952 Ex
979 1891 1036 1952 boc
1052 1888 1135 1950 etiam
1149 1891 1281 1973 exemplo
1297 1891 1414 1952 solvitur

345 1999 426 2082 quod
440 1998 542 2059 deinde
557 1998 680 2080 querit,
697 1997 767 2079 quid
780 2016 884 2079 nempe
890 1996 988 2071 fiscia
1001 1998 1043 2057 132·
1056 2001 1086 2059 τό
1102 2014 1113 2057 1
1127 2026 1165 2079 τῳ
1180 2014 1202 2057 11
1219 1998 1413 2079 adsumptum?

345 2102 379 2164 3⁰
394 2107 473 2166 Dum
487 2116 571 2187 rogat
585 2104 655 2185 quid
669 2107 690 2166 S
706 2102 899 2164 Romanonsm
918 2106 949 2163 in
956 2102 1040 2182 fiae,
1059 2105 1139 2168 vocis
1161 2103 1223 2164 soil.
1244 2118 1411 2178 οΥΙΠΔΙοΣ,

343 2210 441 2280 facian
451 2210 544 2296 arguit
556 2209 670 2292 quidem
680 2223 779 2271 contra
791 2210 933 2293 vulgatam
943 2211 1062 2273 Nummi
1072 2212 1185 2272 iconem
1197 2254 1206 2285 ,
1220 2209 1340 2272 minime
1348 2232 1415 2273 vero

345 2331 446 2382 contra
462 2320 620 2378 Nummum
635 2317 749 2398 ipsum,
769 2317 800 2376 in
821 2338 880 2399 quo
892 2338 954 2378 non
965 2317 1128 2378 LatinumS
1140 2318 1190 2379 sed
1200 2339 1306 2395 purum
1317 2330 1416 2396 putum

347 2425 485 2487 Graecum
501 2436 519 2484 z
534 2435 659 2506 apparet

387 2533 478 2594 XIll.
497 2532 601 2609 Quoad
611 2554 679 2594 vero
691 2533 869 2614 praecipuum
881 2532 929 2594 Cl.
943 2534 1111 2613 Sponbernii
1122 2530 1156 2593 ad
1169 2554 1200 2595 ea
1214 2534 1328 2594 Soloini
1336 2533 1417 2594 dubis

346 2660 532 2723 responsum,
552 2665 567 2694 ι
584 2639 645 2701 scil·
663 2662 693 2703 se
712 2639 788 2701 baud
809 2661 843 2701 eo
863 2640 957 2702 minus
979 2640 1078 2701 Ooidaeb
1094 2638 1171 2702 hune
1188 2642 1346 2702 Nummum
1362 2641 1416 2701 tri-

349 2775 365 2802 »
383 2745 529 2807 buendum
545 2757 658 2829 putare3
678 2747 758 2829 quod
771 2748 946 2826 adscriptum
961 2748 999 2808 sit
1018 2749 1049 2809 in
1069 2748 1170 2809 eodem
1188 2750 1337 2819 Nmnmo,
1356 2770 1417 2809 non

348 2882 364 2908 n
383 2854 483 2917 Ovidii
498 2853 592 2915 solum
608 2875 737 2929 nomen,
761 2855 811 2917 sed
827 2857 920 2937 ipsum
942 2853 1073 2915 Nasonis
1095 2856 1178 2916 etiam
1199 2874 1379 2936 cognomen;
1395 2880 1412 2907 s

347 2961 423 3034 boc,
441 2961 572 3043 inquam,
583 2962 669 3043 gratis
682 2958 789 3023 (lictum
804 2973 859 3022 est.
872 2962 1009 3038 Etenim,
1028 2976 1062 3023 ut
1077 2964 1206 3041 superius
1219 2958 1411 3035 ostendimus,

351 3076 382 3125 1⁰
400 3088 456 3128 vox
479 3068 510 3126 in
529 3069 658 3129 Nummo
676 3069 779 3131 Graeca
796 3082 942 3133 o‘ffltttot
963 3091 1138 3152 nequaquam
1155 3071 1305 3131 Ovmlmt
1324 3066 1412 3150 sigui·

346 3173 430 3249 licut,
450 3186 500 3235 aut
514 3174 672 3257 significare
687 3188 803 3258 potest3
821 3189 853 3238 2⁰
864 3200 921 3242 vox
935 3179 1019 3239 altera
1031 3192 1146 3241 ΝΑΣΩΝ
1161 3177 1268 3238 ibidem
1284 3198 1345 3238 non
1361 3176 1415 3235 nisi

349 3279 464 3342 artificis
479 3278 602 3354 fraude,
628 3281 700 3343 clara
718 3285 784 3344 satis
807 3305 885 3345 nunc
907 3287 1056 3358 cernitur,
1077 3298 1107 3344 et
1125 3282 1240 3366 quidem
1258 3285 1347 3357 loco,
1368 3280 1415 3341 ubi

349 3407 456 3449 nomen
472 3386 573 3460 Urbis,
589 3387 621 3447 in
635 3410 690 3470 qua
703 3411 854 3471 percussus
869 3404 914 3451 est
926 3392 1088 3465 Nummus,
1106 3389 1195 3451 stabat
1210 3412 1271 3451 non
1288 3411 1369 3451 secus
1384 3409 1415 3448 ac

349 3494 380 3554 in
390 3493 451 3554 aliis
461 3494 594 3555 Nummis
604 3492 639 3554 ab
651 3495 716 3577 ipso
729 3496 775 3557 Cl.
786 3496 859 3557 Viro
870 3497 987 3574 prolatis
999 3540 1008 3571 ,
1026 3509 1215 3559 sssnsrsntl
1227 3516 1338 3577 nempe.
1349 3494 1415 3556 Hoc

347 3612 442 3661 autem
459 3613 657 3675 evanescente,
674 3601 749 3663 baud
763 3603 883 3685 amplius
900 3615 994 3684 patere
1005 3605 1122 3682 potuit,
1138 3605 1285 3685 cujusnam
1298 3602 1416 3663 civitatis

348 3707 489 3768 Nummus
507 3706 554 3767 ille
569 3707 673 3780 fuerin
698 3722 798 3770 contra
819 3722 911 3771 tamen
930 3713 1089 3796 generalem
1109 3723 1139 3770 et
1158 3710 1217 3773 fere
1238 3721 1417 3771 constantem

349 3811 516 3879 Graecarum
531 3812 643 3876 urbium
657 3814 688 3874 in
705 3816 839 3877 Nummis
856 3817 993 3878 cudendis
1012 3838 1131 3879 morem.
1152 3818 1221 3877 Hoc
1240 3814 1415 3884 absurdum,

381 4056 389 4086 ¹
407 4052 478 4107 Vide
489 4063 517 4108 et
528 4052 572 4107 lib.
585 4053 640 4109 V11
651 4093 658 4121 ‚
672 4075 713 4124 ep.
724 4072 811 4123 xuni,
823 4072 895 4109 κων.
908 4055 964 4109 Lib.
976 4056 1034 4122 IX,
1045 4074 1087 4124 ep.
1099 4072 1166 4122 mn,
1179 4071 1213 4120 c,
1225 4065 1275 4107 etc.

379 4156 470 4212 ²Vid.
490 4155 589 4228 Georg.
608 4157 718 4212 Martia.
737 4157 770 4211 de
791 4157 876 4211 Graec.
894 4158 986 4213 Litter.
1006 4159 1136 4212 Pronunt.
1153 4179 1179 4229 p.
1200 4178 1249 4223 υ,
1270 4154 1302 4209 ad
1318 4154 1413 4208 calcem

349 4245 465 4297 Marsus
476 4240 519 4295 ed.
532 4240 621 4297 Oxou.

378 4343 390 4377 ⁸
406 4346 439 4400 ln
449 4345 509 4400 add.
521 4345 554 4400 ad
564 4347 597 4402 T.
611 4346 642 4413 1,
657 4344 689 4401 de
703 4346 794 4400 Praest
809 4365 883 4399 num.
895 4366 919 4416 p.
