3159 5134
136 704 215 779 Sive
231 703 415 806 peregrinae
429 722 568 806 carpent
585 732 659 781 mee
675 708 824 785 membra
841 708 992 787 volucres
1005 741 1015 803 3

189 823 267 895 Sive
282 850 358 895 meo
376 821 508 917 tingent
522 825 684 920 sangnine
700 845 812 902 rostra
828 826 901 929 lupi
916 858 926 903 τ

139 939 216 1013 Sive
236 935 356 1039 aliquis
374 936 532 1034 dignatus
548 940 612 1016 erit
628 970 821 1045 supponere
839 962 955 1035 terre,

190 1058 238 1129 Et
254 1055 332 1130 dere
347 1053 481 1156 plebeio
499 1084 623 1161 corpus
640 1059 738 1137 inane
757 1089 866 1157 rogo:

142 1170 322 1272 Quidquid
341 1199 417 1262 ero,
438 1173 565 1274 Stygiis
583 1204 756 1278 erumpere
771 1178 863 1254 nitar
877 1178 920 1253 ab
939 1178 1029 1268 oris,
1182 1200 1228 1253 155

192 1290 239 1361 Et
255 1288 389 1362 tendam
407 1288 534 1386 gelidus
550 1290 643 1367 ultor
658 1294 694 1368 in
711 1323 769 1371 ura
783 1323 913 1370 manus.

143 1406 200 1480 llle
216 1404 359 1501 vigilans
376 1433 490 1482 cernes
507 1438 515 1483 τ
532 1410 642 1485 tacitis
657 1440 720 1508 ego
738 1414 849 1487 noctis
865 1414 901 1487 in
916 1412 1046 1489 umbris

189 1523 369 1596 Excutiam
386 1552 539 1615 somnos,
557 1525 651 1603 risus
666 1527 798 1618 adesse,
818 1547 906 1605 tuos.

140 1639 297 1740 Denique
310 1638 476 1741 quidquid
492 1669 591 1738 ages,
609 1661 686 1719 ante
704 1673 743 1720 os
761 1645 948 1748 oculosque
965 1644 1107 1734 volabo,

189 1760 237 1832 Et
254 1786 392 1860 querar,
408 1777 442 1834 et
458 1760 553 1836 nulla
569 1762 645 1839 sede
663 1765 797 1865 quietus
815 1766 890 1842 eris.
1181 1788 1227 1840 ¹60

140 1877 291 1952 Verbera
309 1894 400 1969 turta
418 1877 548 1954 dabunt
564 1880 734 1969 sonitum
753 1910 911 1984 nexaeqne
928 1880 1077 1958 colubris

192 1996 337 2070 Conscia
353 1994 534 2073 fumabunt
550 2026 682 2101 semper
693 1999 735 2073 ad
753 2028 812 2075 ora
830 2001 927 2076 laces.
999 2000 1002 2007 ’

142 2115 209 2190 His
224 2114 318 2191 virus
333 2115 431 2195 iuriis
444 2116 633 2214 agitabere,
648 2136 801 2192 mortuus
816 2118 923 2194 isdem
936 2148 946 2207 3

191 2232 239 2305 Et
253 2232 391 2306 brevior
406 2262 506 2335 puna
522 2234 591 2309 vita
606 2234 719 2309 futura
737 2252 793 2311 tua
809 2252 871 2309 est.

144 2355 216 2427 Nec
231 2351 294 2426 tibi
309 2352 505 2449 contingent
520 2352 623 2428 funus
638 2351 856 2454 lacrymeque
875 2370 1026 2439 tuomm3
1181 2371 1228 2424 165

193 2468 447 2571 Indeploratum
461 2469 636 2571 projiciere
654 2486 765 2571 ceput.

145 2640 200 2682 tem
215 2647 270 2683 esse
285 2626 446 2682 solutionem
463 2624 560 2682 animae
573 2648 588 2682 a
601 2646 660 2682 cor-
708 2624 822 2691 Roscio,
835 2625 898 2680 dicit
908 2645 915 2680 ι
925 2646 939 2672 «
953 2625 1042 2680 Nolite
1055 2636 1167 2696 putare,
1181 2646 1228 2682 eos

144 2725 230 2774 pore:
250 2709 261 2761 i
277 2708 379 2767 θάνατος
395 2711 460 2767 λύσις
481 2714 521 2762 καὶ
540 2709 659 2779 χωρισμὸς
708 2705 754 2777 qui
764 2704 863 2776 aliquid
872 2705 953 2776 impie
962 2705 1141 2776 scelerateque
1152 2727 1226 2762 corn·

148 2800 225 2856 ψυχῆς
237 2788 282 2841 dei
295 2790 409 2856 σώματος.
708 2786 859 2854 miserunt,
872 2786 964 2857 agitari
977 2797 1005 2842 et
1020 2788 1163 2856 perterreri
1180 2798 1228 2843 tn·

181 2867 236 2917 151.
252 2868 521 2933 Volucresperegrrirae.
532 2864 659 2920 Vultures
709 2863 749 2917 dis
757 2862 912 2917 ardentibus
925 2871 987 2917 :sud
996 2883 1129 2935 quemque
1138 2864 1225 2934 fraus,

146 2943 313 2999 labebantur
329 2964 389 2998 aves
408 2944 573 3017 peregrim,
586 2942 659 3014 quati
677 2968 679 2973 ’
707 2961 771 3001 suus
789 2960 867 2999 error
888 2944 1004 2997 maxime
1027 2953 1103 2996 reret
1121 2962 1128 2997 τ
1147 2962 1225 2998 suunr

145 3046 177 3079 er
193 3026 281 3080 alieno
297 3026 361 3080 orbe
376 3025 520 3093 venientes.
536 3024 619 3080 Unde
631 3035 660 3078 et
709 3042 844 3095 quemque
856 3022 940 3079 scelus
948 3024 1042 3094 agitat,
1056 3025 1225 3097 amentiaque

145 3101 219 3159 bellis
231 3104 351 3159 cirililrns
365 3115 499 3159 venerunt
510 3123 570 3158 ares
584 3122 659 3157 nnn·
709 3099 799 3155 adficit
809 3122 815 3153 :
827 3120 880 3156 sure
890 3100 966 3155 male
976 3101 1148 3172 cogitationes
1159 3122 1226 3156 con·

147 3202 227 3250 qnam
239 3193 317 3237 antea
329 3182 406 3247 ruse,
421 3184 507 3253 specie
523 3181 602 3253 paulo
616 3182 660 3236 in·
708 3181 878 3253 scientiaque
891 3184 972 3236 animi
986 3193 1104 3236 terrent:
1115 3202 1153 3237 ese
1162 3193 1227 3237 sunt

146 3259 342 3328 incolumibus,
356 3260 661 3332 quasadpellalrantBo·
707 3259 797 3331 impiis
821 3260 937 3316 adsidue
956 3252 1157 3331 domesticoque
1176 3261 1226 3315 fu-

145 3344 256 3395 tn'ms.
708 3340 773 3407 riu,
785 3354 845 3409 qnae
857 3339 913 3395 dies
924 3352 1067 3410 noctesque
1082 3351 1225 3411 parentum

184 3418 237 3472 161.
255 3421 365 3473 Verbera
380 3436 455 3472 sera.
476 3416 662 3471 Verhmtorta
709 3438 800 3489 poenas
818 3439 832 3475 a
850 3420 1053 3475 sceleratissimis
1067 3416 1127 3474 filiis
1141 3438 1224 3490 repe-

147 3496 238 3566 prinoe
252 3496 382 3553 editiones
394 3506 422 3551 et
433 3506 487 3551 tres
497 3494 585 3565 scripti
596 3516 603 3560 3
616 3513 662 3548 re·
710 3510 775 3554 tant.
789 3520 804 3547 »

146 3586 188 3629 tte
199 3592 207 3629 s
217 3575 353 3643 Tibullus,
365 3575 409 3628 lib.
420 3575 449 3642 l,
463 3574 537 3644 Eleg.
545 3589 592 3638 rr,
610 3575 659 3641 45:
745 3577 800 3630 165.
809 3579 864 3631 Nec
873 3580 1064 3646 tibicontir5et.
1076 3579 1229 3644 Contingent

147 3678 162 3702 α
172 3655 541 3722 υίκιιωῖὴωιιιιιιιμιοο
549 3653 660 3708 demens
707 3656 841 3711 nonnulli.
851 3658 1168 3727 H.-Nectibicortrirget
1175 3668 1224 3714 ete.

146 3734 258 3789 verbera
267 3745 338 3789 torta
345 3734 462 3799 timete»
473 3733 602 3804 Elegmx,
617 3751 660 3784 sn:
709 3735 918 3791 Acerbissirnum
932 3735 959 3789 id
972 3736 1105 3791 veteribus
1119 3737 1224 3805 visum,

147 3835 161 3863 ι
172 3815 275 3869 intorto
286 3815 398 3869 verbere
408 3825 483 3884 terge
493 3831 569 3878 sem
582 3832 596 3861 ν
608 3810 661 3865 ss-
709 3814 731 3870 si
742 3813 884 3885 sepulturus
896 3813 998 3868 honore
1011 3825 1141 3869 carerent.
1153 3815 1225 3877 Hinc

145 3912 211 3948 noea
225 3892 344 3967 Thyeste
362 3914 370 3947 2
387 3915 401 3939 s
419 3892 495 3963 Quid
513 3910 558 3945 ora
576 3901 661 3945 terres
709 3902 767 3961 est,
789 3892 861 3962 quod
875 3892 994 3947 exsilium
1007 3912 1085 3947 suurn
1098 3893 1226 3964 deprece-

145 3972 256 4027 verbere
265 4013 273 4039 ,
282 3983 309 4027 et
320 3972 484 4026 tortoslsrox
494 3969 662 4024 Minarisen-
709 3984 754 4029 tur
772 3975 859 4044 Naso,
873 3974 916 4029 lib.
932 3974 975 4029 111
989 3974 1070 4030 Trist.
1087 3973 1227 4046 Eleg.111,

146 4049 228 4118 goes?
237 4073 251 4097 »
262 4060 292 4105 et
303 4051 418 4105 Medea:
427 4072 441 4097 a
451 4050 544 4119 anguis
554 4068 661 4103 excusae
711 4057 745 4123 4⁰
757 4073 765 4106 :
777 4074 790 4100 α
800 4052 960 4124 Depositum
973 4072 1022 4108 nec
1035 4072 1078 4107 me
1090 4054 1134 4125 qui
1150 4053 1226 4121 fleat,

144 4141 223 4184 sonat
234 4130 335 4185 Tertiis
346 4129 469 4201 {lagrllm
488 4151 503 4177 ι
519 4129 577 4183 vat
590 4128 660 4184 Flac.
711 4132 781 4185 nllus
793 4131 864 4186 erit?
879 4154 892 4179 s
910 4131 1049 4201 Optabant
1063 4131 1136 4186 enim
1150 4132 1227 4203 prisci

147 4209 237 4278 Vllt,
254 4230 287 4269 so
301 4231 309 4266 t
322 4233 337 4259 «
354 4211 439 4277 lude,
456 4211 606 4265 reluttorto
616 4210 661 4263 fu-
709 4213 747 4268 illi
761 4212 926 4283 sepelimur,
947 4213 1123 4268 morientibus
1138 4212 1227 4290 oculos

146 4287 248 4342 riarum
255 4300 343 4344 erecta
349 4288 470 4361 flagello,
487 4288 602 4344 Prosilit.
613 4309 626 4333 ν
709 4291 814 4360 claudi,
829 4291 861 4345 ab
874 4292 964 4346 amicis
976 4292 1068 4363 lugeri.
1080 4291 1198 4346 Dnssnn.

185 4368 240 4424 ria.
261 4372 381 4425 Conscia
400 4368 497 4426 Cicero
514 4389 563 4440 pro
581 4369 662 4425 Sexto
745 4372 801 4427 1⁶6.
810 4373 954 4442 projicere.
966 4371 1175 4441 Corpora,qnae
1186 4389 1227 4426 se·
