3159 5134
336 517 339 523 “
399 552 460 617 130
721 551 760 614 r.
794 549 1137 618 ovru11v1ns

394 723 413 754 »
435 688 610 778 Cornelio,
634 690 672 762 P.
692 689 889 790 Sempronio
914 716 1000 765 coss
1020 689 1080 788 (id
1102 706 1172 777 est,
1194 718 1248 766 an.
1278 694 1320 765 U.
1346 695 1386 767 C.
1412 714 1460 770 nu

393 842 413 873 »
433 809 602 898 Varron.)
619 807 880 893 Decimo'anno,
897 823 1013 908 postea
1029 835 1127 908 quarn
1144 805 1250 884 locata
1262 828 1347 899 erat,
1365 811 1460 887 dedi·

393 951 412 987 »
432 922 517 995 cauit
540 949 611 995 eam
634 924 684 996 Μ.
701 921 824 997 Junins
839 925 981 1009 Brutns3
999 920 1137 1024 ludique
1152 925 1201 998 ob
1218 924 1459 1004 dedicationem

394 1074 413 1105 ›>
433 1039 506 1138 ejus
521 1037 598 1114 lacti
609 1059 721 1138 ,nuos
737 1038 865 1139 primus
881 1056 1047 1113 semotis
1058 1037 1159 1114 fuisse
1172 1037 1322 1115 Valerius
1338 1044 1460 1120 Antias

393 1191 412 1222 u
429 1173 630 1243 catenatur,
647 1155 819 1255 Megalesia
835 1153 1039 1257 appellatos3
1061 1190 1078 1221 >v
1095 1156 1188 1258 qnod
1208 1157 1456 1234 mammilio.

390 1275 550 1359 XXXIV,
568 1299 639 1371 cap.
665 1269 730 1359 53,
748 1270 789 1343 ad
807 1269 1016 1346 consulatum
1039 1272 1206 1374 Scipionis
1228 1274 1376 1349 Africani
1398 1280 1457 1368 ll,

389 1410 424 1467 et
439 1390 628 1491 Sempronii
642 1388 771 1485 Longi,
786 1388 850 1462 hoc
867 1407 933 1479 cst,
949 1417 1001 1463 an.
1021 1392 1064 1463 U.
1082 1389 1121 1464 C.
1139 1392 1279 1465 Varron.
1299 1411 1390 1480 mx,
1403 1395 1459 1469 lris

387 1507 523 1582 verbis:
546 1540 563 1570 «
586 1502 787 1600 Megalensia
804 1502 904 1580 ludos
928 1521 1113 1592 semme,
1137 1505 1175 1578 C.
1194 1504 1336 1580 Attilius
1357 1508 1458 1585 Sora·

380 1660 408 1691 v»
427 1655 492 1699 nus
504 1681 513 1711 ,
527 1627 564 1698 L.
581 1623 777 1697 Scribonius
790 1621 878 1696 Libo
888 1620 997 1696 aditos
1006 1619 1141 1695 curules
1148 1639 1254 1696 mm
1265 1622 1425 1700 feemnut
1437 1660 1455 1690 u

385 1743 467 1818 Inde
482 1757 550 1830 est,
565 1741 656 1844 quod
667 1739 793 1814 Andria
806 1738 958 1813 Terentii·
966 1737 1142 1812 dicaturiu
1156 1737 1276 1828 titulo,
1293 1741 1457 1817 mlada}

384 1858 637 1959 Megalensibus,
660 1874 722 1931 etc.
1401 1843 1406 1850 ’

434 1975 465 2048 3.
486 1975 601 2051 Tertio
620 1970 1127 2076 apprimeanimadvertendum,
1144 1971 1235 2045 hisee
1249 1973 1285 2045 in
1298 1972 1385 2047 ludis
1400 2001 1456 2049 se·

381 2108 497 2166 natum
516 2119 535 2163 a
551 2089 680 2190 populo
694 2105 858 2163 secretum
875 2104 1023 2187 spectare
1037 2086 1079 2159 ab
1092 2085 1153 2159 illo
1164 2113 1255 2160 mino
1269 2089 1310 2160 U.
1327 2088 1365 2162 G
1379 2108 1453 2166 ltux

382 2208 540 2308 coepisse,
563 2207 614 2279 uti
632 2204 718 2277 clare
733 2231 801 2277 rem
820 2205 958 2305 exponit
974 2202 1082 2277 Valer.
1103 2204 1292 2290 Maximus,
1317 2202 1376 2279 lib.
1396 2209 1451 2296 ll,

382 2352 454 2427 cap.
468 2325 510 2416 lp:
529 2357 546 2387 ι(
559 2324 624 2398 Per
635 2323 835 2423 quingentos
844 2339 970 2408 autem,
980 2322 1045 2409 ait,
1055 2319 1339 2422 etquinqnagiuta
1350 2313 1449 2396 octo*

383 2472 403 2505 »
424 2466 549 2526 anuos,
566 2454 700 2511 senatus
723 2435 852 2538 popolo
877 2436 1000 2511 mixtus
1020 2433 1212 2538 spectaculo
1225 2434 1381 2510 ludorum
1399 2437 1455 2509 in-

359 2571 362 2578 ·
384 2587 403 2619 >s
424 2552 559 2637 terluit·,
574 2550 632 2626 sed
649 2550 738 2623 hune
752 2575 876 2625 morem
890 2551 929 2625 C.
947 2549 1084 2626 Attilius
1100 2551 1244 2624 Soranus
1257 2567 1291 2625 et
1306 2553 1346 2625 L.
1362 2551 1454 2625 Scri·

381 2700 402 2734 »
420 2665 544 2740 bonius
560 2664 647 2738 Libo
664 2663 795 2750 ediles,
811 2663 910 2770 lodus
924 2666 1026 2739 Matri
1038 2665 1147 2739 Derim
1161 2665 1336 2753 facientes,
1349 2677 1453 2769 snpe-

382 2817 401 2851 s
422 2783 519 2857 rionis
528 2782 675 2856 Africani
690 2788 785 2878 (tum
800 2811 867 2858 cos.
886 2785 935 2882 Π)
950 2783 1146 2858 sententiam
1159 2783 1284 2872 secuti,
1300 2783 1452 2859 discrefis

380 2929 400 2965 a
423 2901 536 2996 (NB.)
555 2916 688 2974 senatus
705 2900 870 3000 etpopuli
887 2899 987 2988 locis,
1008 2899 1197 2988 solverunt,
1216 2919 1277 2976 etc.
1297 2936 1313 2966 o

428 3016 549 3089 Postea
560 3044 637 3089 vcro
654 3019 691 3089 L.
709 3017 851 3091 Roscius
868 3017 963 3092 Otho
976 3033 1138 3117 equestrem
1153 3046 1286 3119 quoqne
1301 3017 1451 3091 ordinem

379 3157 399 3206 a
414 3131 513 3233 plebe
522 3149 556 3206 et
566 3149 680 3206 senatu
692 3130 863 3223 distinxit,
883 3152 945 3207 xlv
959 3134 1079 3209 theatri
1089 3134 1362 3236 amphitheatrive
1375 3164 1451 3230 gra·

380 3250 444 3325 dus
458 3279 517 3324 scu
535 3248 668 3324 ordines
685 3249 855 3350 equitibus
871 3248 1049 3346 adsignans
1065 3259 1091 3323 ².
1118 3250 1226 3325 Aliter
1240 3252 1328 3324 enim
1344 3276 1379 3323 se
1395 3278 1449 3324 res

380 3369 416 3442 in
431 3368 510 3441 circo
532 3351 698 3455 habebat,
716 3365 805 3468 apud
824 3394 922 3467 quem
937 3368 1027 3441 Nero
1042 3365 1170 3467 primns
1185 3366 1315 3466 madum
1326 3366 1448 3440 Roma-

413 3545 421 3573 ¹
441 3539 569 3608 Sequitur
579 3556 676 3607 nempe
690 3537 778 3590 Verrii
792 3537 875 3593 Flacci
887 3536 1014 3604 calculos,
1027 3539 1115 3608 &aas
1127 3555 1190 3591 vero
1202 3536 1281 3600 alios,
1294 3537 1392 3606 quippe
1402 3540 1448 3606 qui

380 3626 413 3681 ad
426 3626 534 3680 eosdem
550 3623 669 3679 consules
684 3635 787 3690 narrat,
805 3645 819 3670 s
834 3623 931 3678 borum
946 3622 1063 3678 attium
1078 3621 1154 3677 ludos
1173 3623 1307 3678 Romanos
1330 3623 1447 3693 primum

382 3718 530 3762 »senatum
546 3707 668 3777 apoprtlo
683 3718 817 3764 secretum
828 3708 981 3777 spectavisse
992 3730 999 3772 ;
1015 3731 1029 3757 u
1041 3719 1119 3779 atque
1131 3729 1145 3756 α
1158 3707 1190 3762 ed
1205 3706 1448 3778 quingentesimum

378 3813 392 3839 ι·
411 3792 655 3861 quinquagesimum
663 3803 765 3846 sextum
776 3811 893 3861 annum,
907 3814 921 3840 τ
930 3792 1027 3847 scilicet
1039 3793 1074 3847 U.
1088 3791 1120 3848 C.
1130 3814 1144 3840 s
1155 3793 1183 3845 in
1195 3792 1451 3861 promiscuospecta·

381 3899 396 3926 s
410 3887 467 3932 turn
480 3895 535 3930 esse
550 3895 556 3930 τ
570 3898 584 3923 α
600 3875 644 3931 ht.
661 3875 793 3942 XXXIV,
806 3895 860 3946 cap.
873 3877 912 3930 53.
923 3875 978 3930 Ubi
990 3875 1068 3930 strunt
1080 3883 1173 3930 notare
1186 3886 1243 3941 est,
1257 3893 1320 3929 eum
1332 3874 1366 3929 de
1380 3879 1451 3931 laea

380 3963 521 4022 masse,
536 3979 668 4018 noussen
680 3961 882 4028 Heealmitu.
898 3961 937 4018 uti
950 3961 1010 4027 Vel,
1025 3961 1172 4029 Maximus,
1183 3960 1210 4018 id
1222 3961 1378 4030 οΙτεοττττε,
1392 3982 1449 4018 non

380 4065 454 4102 seem
464 4066 493 4102 ac
503 4066 557 4118 cap.
572 4049 621 4115 44,
643 4064 697 4115 quo
710 4044 810 4113 refert,
825 4065 990 4115 «censores,
1006 4045 1076 4104 ludis
1094 4047 1222 4101 Romanis
1236 4046 1353 4103 edilibus
1369 4067 1451 4102 euru-
1566 4111 1567 4116 η

380 4130 448 4186 libus
467 4131 625 4201 imperasse,
638 4140 668 4183 ut
682 4133 742 4183 loca
763 4134 892 4184 senatoria
906 4141 1062 4185 secernerent
1077 4150 1095 4184 a
1109 4135 1204 4200 populo
1221 4151 1306 4186 :narn
1322 4142 1400 4186 antea
1420 4133 1449 4186 iu
1565 4149 1566 4156 ¹

381 4217 531 4286 promiscuo
543 4211 701 4283 spectabant.
716 4234 730 4259 s

415 4307 427 4337 ¹
443 4304 511 4359 Vide
522 4322 582 4374 qne
593 4313 716 4357 notamus
727 4302 755 4356 in
769 4303 863 4356 Horat
874 4302 950 4369 Vita,
969 4322 1026 4373 pag.
1036 4323 1083 4390 pra
1096 4321 1150 4372 sqq.
