3159 5134
489 514 584 581 rur
609 516 644 583 J.
668 510 897 583 messor.
1009 488 1012 495 ’
1166 521 1229 613 ,93

159 653 243 728 simu
259 651 425 726 Bucherio
446 660 454 689 ¹
474 652 581 726 visum
599 670 668 740 est3
693 653 817 727 rectius
843 679 919 728 saue
939 683 1037 756 quam
1063 656 1104 731 cl.
1132 661 1236 737 Nori·

158 771 209 844 siu
227 778 260 858 ²,
286 768 362 870 qui,
389 765 449 841 illo
464 768 571 842 Taciti
589 766 662 842 luco
687 769 825 843 recitato
836 823 857 858 ,.
873 770 958 847 male
976 772 1024 847 sic
1039 775 1233 853 concludit:

159 885 265 987 Igitur
275 883 369 959 ludit
384 884 415 957 iu
430 884 574 957 exsilius
589 883 748 983 deportata
757 884 824 979 fia‘t
834 913 885 959 aa.
913 886 957 960 U.
977 886 1014 961 C.
1035 908 1175 967 ncctxt.
1194 894 1235 968 ld

159 1002 297 1101 insuper
311 1000 413 1074 uobis
427 1028 495 1074 uon
509 1000 647 1073 omnino
661 998 831 1102 displicet,
848 1002 940 1103 quod
951 1005 1138 1082 Bucherius
1151 1000 1243 1083 sub-¹

157 1116 288 1216 jungit,
306 1143 382 1189 cum
397 1115 489 1190 Iulia
503 1144 622 1218 nempe
639 1116 799 1208 Ouidium
818 1147 970 1219 quoque,
989 1151 1051 1196 ceu
1066 1123 1236 1200 adultero-

160 1264 233 1309 rum
251 1232 471 1325 sufflatoremq
489 1249 547 1306 aut
561 1232 755 1324 conscium,
776 1232 818 1307 ab
836 1236 993 1332 Augusto
1008 1238 1137 1315 Tomos
1154 1269 1235 1343 pro-

160 1355 280 1454 jectum
297 1378 380 1427 esse.

208 1470 395 1542 innocuum
408 1484 517 1545 tamen
528 1494 659 1568 semper
670 1495 705 1545 se
716 1486 871 1569 praestare
883 1469 1012 1545 nititur.
1022 1471 1121 1548 Unde
1130 1474 1232 1549 Trist.

161 1581 291 1675 titull,
309 1583 514 1673 canit,vers.
532 1609 555 1683 9
574 1599 608 1656 et
629 1608 694 1656 10:
762 1588 766 1597 '

322 1723 409 1777 Deme
422 1721 488 1776 mihi
500 1720 636 1789 studium,
648 1727 707 1775 vire
717 1742 822 1792 quoque
832 1702 939 1778 creturus
948 1723 1039 1779 demes
1052 1744 1060 1780 ι

356 1814 502 1882 Acceptum
515 1811 604 1866 resero
616 1813 752 1880 versibus,
765 1833 820 1868 esse
833 1833 940 1868 nocens.

163 1928 234 2003 Lib.
248 1932 284 2005 ll
299 1958 340 2005 ex
355 1929 452 2004 Pone.
471 1931 534 2031 Ep.
553 1949 612 2018 lx,
634 1930 731 2032 Cotyi
748 1930 853 2034 Regi,
870 1957 952 2003 vers.
972 1929 1111 2032 67-76:

326 2077 387 2131 Nou
400 2096 451 2148 eqo
463 2075 532 2132 cade
545 2096 643 2132 nocens
654 2077 682 2130 iu
693 2078 805 2141 Pontica
817 2075 894 2130 litora
907 2078 984 2143 ναοῖς

358 2166 471 2221 Mistave
482 2179 544 2222 sunt
557 2178 647 2223 nostra
658 2167 716 2222 dira
726 2186 830 2221 venena
845 2185 943 2223 mauu:

326 2257 383 2312 Nec
394 2276 454 2311 mea
467 2258 584 2326 subiecta
594 2258 715 2312 convictu
724 2268 764 2313 est
775 2275 881 2329 gemma
894 2257 989 2313 tabella

361 2349 523 2419 Meudacem
534 2350 595 2411 linis
604 2350 756 2419 imposuisse
768 2360 868 2407 notam

324 2439 382 2496 Nec
392 2440 555 2510 quidquam,
567 2441 638 2515 qirod
652 2445 706 2510 lege
714 2451 785 2495 veter
794 2443 976 2509 committere,
989 2441 1049 2496 feci.

361 2532 398 2587 Et
409 2543 499 2586 tamen
510 2533 552 2589 his
563 2533 743 2603 graviorum
754 2532 863 2587 fatenda
874 2533 939 2587 mihi
950 2544 997 2588 est.

325 2624 398 2678 Neve
410 2642 486 2692 roges
501 2624 566 2692 quid
575 2623 623 2687 sit3
637 2614 746 2676 stultam
757 2624 957 2691 conscripsimus
965 2625 1068 2678 Artem:

359 2714 491 2768 lunocuas
502 2712 578 2777 nobis
590 2713 647 2767 hac
657 2723 728 2767 vetat
738 2732 793 2767 esse
805 2732 908 2768 manus.

326 2804 428 2874 Ecquid
440 2814 569 2873 praterea
584 2788 713 2872 peccarim
724 2843 732 2871 ,
744 2823 864 2873 quarere
877 2804 930 2858 noli
940 2824 946 2859 :

355 2896 396 2950 Ut
407 2905 495 2971 pateat
505 2898 564 2948 sola
574 2895 650 2965 culpa
660 2895 708 2949 suh
721 2897 785 2951 Arte
796 2913 864 2948 mea.

163 3016 247 3112 Lege
265 3031 299 3087 et
314 3011 415 3086 Trist
435 3010 494 3085 lib.
513 3012 573 3098 IV,
590 3010 685 3107 Eleg.
704 3030 758 3099 lt,
777 3041 859 3086 vers.
879 3010 1014 3107 35-44,
1030 3033 1091 3088 etc.

209 3129 418 3229 Quinetiam
434 3147 468 3203 et
484 3129 590 3230 ipsam
608 3130 721 3203 Artem
740 3130 938 3201 Amatoriam
959 3129 1040 3204 totis
1069 3129 1230 3206 viribusa

165 3248 296 3322 crimine
309 3246 453 3321 vindicat
464 3300 474 3332 ‚
485 3244 588 3318 Trist.
600 3241 659 3317 lib.
678 3245 732 3333 ll,
747 3242 805 3316 uhi
821 3270 924 3343 quum
940 3273 987 3318 vs.
1002 3270 1070 3318 211
1092 3263 1125 3319 et
1137 3272 1226 3335 212,

166 3363 299 3439 dixisset
314 3393 322 3436 :

330 3483 423 3537 Altera
433 3502 493 3554 pars
503 3491 639 3551 superest,
652 3500 702 3551 qua
714 3478 783 3550 turpi
795 3481 906 3536 crimine
916 3491 1001 3538 tactus

360 3572 467 3645 Aequor
477 3573 592 3629 oboeoem
602 3570 695 3629 docter
706 3570 844 3627 adulterii:

165 3710 260 3794 atque
278 3691 496 3792 sequentihus
509 3717 622 3766 causas
634 3706 837 3778 enarrasset,
852 3716 912 3763 cur
926 3691 1080 3785 Augusto
1092 3720 1160 3766 nou
1175 3722 1228 3767 va·

167 3824 270 3882 casset
285 3808 400 3881 Artem
418 3803 508 3878 illam
523 3802 650 3900 legere3
668 3802 763 3877 addit
775 3828 860 3880 vers.
879 3801 951 3902 239
961 3830 1056 3909 sqq:

328 3953 366 4006 Ar
379 3953 417 4019 si,
430 3950 501 4021 quod
513 3951 636 4018 mallem,
653 3969 749 4005 vacuus
756 3949 864 4004 torem
874 3947 968 4005 fuisses
978 3988 987 4016 ,

360 4046 466 4099 Nullam
477 4042 580 4114 legisses
590 4047 683 4097 cn'neu
693 4041 722 4096 in
733 4042 798 4097 Arte
807 4059 874 4096 mea.

199 4190 209 4219 ¹
225 4187 390 4260 Belq.‘Rom.
403 4153 465 4257 pag.⁸
475 4204 529 4240 roa.

201 4279 213 4307 ²
228 4278 269 4333 De
283 4277 380 4333 Cenat,
394 4277 445 4333 Pis.
457 4297 513 4348 pag.
527 4278 583 4348 ²47·

285 4379 402 4451 VIII.
