3159 5134
479 521 574 588 PER
599 522 632 587 J.
657 518 884 589 MASSON.

312 660 347 714 Et
358 661 413 730 jam
426 659 570 729 complerat
580 660 684 730 genitor
694 679 740 713 sua
751 659 821 724 [πίει
833 677 970 729 necemque

343 749 490 804 Addiderat
497 743 588 804 'lustris
599 750 680 804 altera
690 754 771 805 lustra
782 770 877 805 uerene.

457 905 463 918 .
476 909 482 921 .
496 906 502 918 .
513 869 598 921 Matri
604 869 721 938 proxima
733 869 802 937 justa
814 869 870 923 tuli.

309 957 408 1013 Felices
417 959 512 1026 ambo,
525 960 731 1029 tempestiveque
743 960 855 1029 sepulti,

343 1051 418 1104 Ante
429 1049 501 1104 diem
513 1069 598 1120 poenae
607 1049 679 1121 quod
690 1052 793 1121 periere
804 1054 883 1108 mee!
896 1063 944 1108 etc.

535 1193 820 1214 mmm

328 1320 412 1374 Anno
423 1331 484 1375 ante
498 1319 530 1374 C.
544 1338 618 1385 κως
633 1321 669 1377 U.
682 1321 714 1376 C.
728 1338 837 1387 nccx11;
852 1321 943 1378 Ovidii
956 1339 967 1377 1
979 1332 1007 1378 et
1019 1340 1050 1377 11.

209 1446 251 1499 M.
265 1443 417 1500 AEMILIO
430 1445 572 1502 LEPIDO
585 1448 628 1515 11,
642 1448 672 1501 L.
684 1448 868 1504 MUNATIO
884 1447 1038 1504 PLANCO
1051 1446 1154 1504 COSS.

162 1587 167 1600 ·
193 1565 338 1651 Bnno,
357 1564 449 1665 quod
466 1564 520 1640 his
532 1564 728 1641 consulibus
742 1566 899 1642 adversus
913 1569 936 1640 J
939 1566 995 1640 ulii
1012 1566 1152 1642 Cesaris
1167 1564 1220 1640 in-

152 1679 340 1754 tellectores
363 1699 553 1782 susceptum
571 1699 604 1754 et
620 1682 760 1757 feliciter
783 1684 988 1770 consectum,
1015 1700 1113 1783 atque
1141 1681 1222 1757 Phi-

148 1799 281 1899 lippense
296 1800 465 1874 historicis
478 1831 496 1876 a
509 1830 621 1901 pugna
632 1801 675 1874 ad
692 1801 858 1902 Phihppos
875 1800 1049 1875 commissa
1068 1811 1077 1840 ¹
1097 1801 1222 1874 dictum

151 1932 214 2004 est,
235 1916 346 1990 Cesar
370 1916 573 1991 Octavianus
599 1916 760 2020 templum
782 1919 888 1992 Marti
906 1918 1011 2007 vovit,
1030 1936 1063 1992 et
1088 1918 1221 2020 quidem

153 2031 214 2105 sub
233 2031 340 2132 prelii
358 2050 511 2135 tempus,
527 2050 566 2107 ut
585 2036 676 2109 Naso
689 2052 804 2108 noster
819 2050 979 2123 testetur,
1000 2035 1087 2109 Fast.
1103 2033 1161 2108 lib.
1180 2038 1223 2125 V,

150 2178 230 2225 vers.
252 2147 439 2252 569-578:

311 2298 477 2352 Vovemioc
488 2297 592 2367 iuvenis
604 2308 667 2353 tunc
680 2317 764 2367 quum
774 2300 816 2368 pia
827 2299 931 2354 sustulit
943 2318 1016 2354 erma
1028 2321 1035 2362 3

346 2389 371 2442 A
383 2390 463 2443 tentis
475 2389 596 2458 princeps
607 2387 773 2459 incipiendus
786 2399 850 2444 erat.

313 2479 360 2534 Ille
371 2497 468 2534 manus
480 2479 609 2546 tendens,
620 2478 683 2533 hinc
695 2477 775 2533 stanti
787 2479 870 2534 milite
882 2481 966 2549 juste,

258 2567 261 2572 ¹
348 2571 422 2626 Hinc
433 2570 591 2640 conjuratis,
607 2570 667 2626 talia
677 2569 747 2626 dicte
760 2569 848 2625 dedit:

310 2665 340 2720 si
351 2664 418 2718 mihi
430 2664 546 2719 bellandi
553 2674 630 2734 pater
640 2675 695 2732 est,
707 2665 849 2734 Vestaeque
860 2663 980 2719 sacerdos

345 2760 457 2820 Auctor,
474 2768 501 2811 ct
511 2759 712 2811 ulci'scinumen
724 2767 867 2826 utrumque
879 2776 960 2825 ρωπος

308 2850 396 2912 Mars,
412 2847 489 2917 ades,
503 2859 531 2902 et
541 2847 605 2902 satia
614 2847 740 2902 scelerato
753 2848 880 2919 sanguine
891 2848 1012 2914 serrum,

343 2940 455 3010 Stetque
467 2941 542 2994 sevon
554 2958 631 2995 censa
643 2959 692 3010 pro
702 2938 810 2994 meliore
823 2950 902 2994 tuus:
919 2981 922 2987 .

315 3034 420 3100 Templa
430 3030 513 3097 feres,
526 3039 554 3084 et
565 3049 609 3083 me
618 3030 715 3084 victore
724 3033 855 3083 vocaberis
870 3030 951 3084 Ultor.

344 3121 474 3190 Venerat,
487 3120 579 3189 etfuso
587 3121 661 3176 letus
673 3121 705 3174 ab
714 3124 786 3175 hoste
796 3120 873 3175 redit.

147 3238 236 3314 Idem
253 3240 369 3342 paucis
386 3257 497 3313 narrat
514 3237 695 3313 Suetonius
714 3247 727 3275 ²
748 3235 903 3311 :Alidem
918 3236 1028 3310 Marti
1040 3236 1120 3311 bello
1135 3238 1215 3312 Phi·

147 3357 311 3461 lippensi,
331 3387 393 3459 pro
422 3357 535 3432 ultune
551 3372 685 3457 patema
711 3372 866 3456 suscepte,
886 3371 1019 3431 vescint.
1050 3358 1101 3430 De
1123 3357 1216 3456 cujus

148 3475 262 3578 templi
287 3475 533 3550 constructione
548 3492 586 3548 et
604 3473 852 3548 consecratione
876 3471 973 3574 plura
996 3472 1151 3575 deinceps
1177 3501 1217 3549 ex

145 3612 260 3669 nostro
278 3594 434 3670 dicemus.

551 3685 816 3707 mm

304 3830 387 3883 Anno
398 3838 459 3882 ante
473 3826 507 3882 C.
517 3844 618 3892 xx11v3
631 3827 668 3883 U.
679 3826 712 3882 C.
724 3842 830 3892 uccm
841 3826 931 3884 Ovidii
944 3844 973 3882 ιι
986 3838 1013 3883 et
1025 3843 1051 3881 x.

254 3938 283 3991 L
302 3935 512 3993 SCRlBONlO
530 3934 687 4004 LlBONE,
706 3937 746 3990 Μ.
763 3935 940 3992 ANTONIO
958 3937 986 3994 ll
1005 3935 1108 3993 COSS.

151 4149 164 4163 α
193 4058 222 4130 l.
249 4055 444 4153 QUOMODO
463 4083 555 4131 suam
573 4055 716 4132 Ovidius
733 4056 876 4152 exegerit
886 4057 1067 4156 paetitiam,
1090 4084 1214 4132 annua-

176 4216 186 4248 ¹
206 4210 250 4265 De
262 4232 313 4282 qua
325 4213 407 4266 fusius
419 4213 447 4266 in
457 4212 561 4268 Horafii
574 4212 653 4281 Vita,
670 4231 727 4283 pag.
744 4215 845 4281 50-55,
857 4212 977 4268 diximus.

174 4299 189 4329 ²
207 4296 240 4349 ln
253 4299 320 4366 Aug.
330 4317 385 4367 cep.
398 4316 438 4368 ²9·
