3159 5134
374 527 440 593 300
700 528 1104 598 DEDICATIONES

371 663 551 768 plurimum
561 665 791 756 inserviendo,
809 668 864 743 cui
876 668 1029 770 inprimis
1039 668 1141 744 amica
1151 684 1210 742 est
1224 667 1328 766 Quod
1340 697 1446 772 mum

374 779 528 856 similiter
542 781 607 855 sibi
622 810 816 884 persuasum
832 783 972 859 baberet
987 802 1163 887 poetarum
1181 784 1447 886 sapientissimus

301 891 305 898 ’
374 897 561 985 Horatius,
580 897 665 971 banc
682 897 722 973 de
738 901 998 1003 praeceptionum
1015 900 1209 977 conditione
1222 901 1327 998 legem
1343 900 1443 978 tulit:

509 1119 511 1122 ,
539 1061 674 1133 Quicquid
686 1065 836 1135 praecipies,
848 1077 905 1120 esto
916 1064 1014 1129 brevis,
1028 1076 1059 1120 ut
1069 1065 1122 1121 cito
1133 1064 1202 1121 dicta

541 1154 693 1223 Percipiant
704 1155 784 1209 animi
798 1155 908 1224 dociles,
924 1167 1085 1225 teneantque
1096 1154 1197 1211 fideles.

536 1244 628 1300 Omne
640 1266 831 1317 supervacuum
843 1249 923 1319 pleno
934 1248 967 1304 de
979 1259 1084 1318 pectore
1095 1258 1195 1305 manat.

371 1384 460 1457 Nota
474 1400 525 1458 est
531 1382 698 1485 plerisque
710 1386 866 1461 omnibus
876 1386 987 1460 Persei
994 1385 1155 1491 historia,
1171 1412 1269 1487 quem
1284 1384 1447 1461 adversus

375 1498 570 1595 Gorgonum
596 1518 745 1595 gentem,
766 1530 905 1604 quarum
921 1504 1035 1599 regina
1051 1501 1117 1576 fuit
1131 1502 1292 1591 Medusa,
1316 1499 1444 1576 bellum

375 1613 533 1708 gessisse,
544 1614 640 1709 greci
653 1615 832 1718 scriptores
840 1634 1041 1705 memorant,
1053 1616 1111 1691 sed
1119 1616 1220 1715 hujus
1229 1616 1331 1691 rebus
1339 1616 1443 1713 gestis

374 1726 495 1804 sabula
505 1757 607 1830 quum
626 1728 689 1804 alia
705 1731 969 1821 admiscuerunt,
988 1748 1058 1807 turn
1075 1731 1297 1806 narrationem
1313 1729 1354 1805 de
1371 1732 1446 1805 Me-

374 1840 464 1918 duse
482 1843 590 1944 capite
606 1843 761 1931 saxifico,
780 1843 930 1919 Deorum
946 1874 1012 1948 ope
1024 1845 1066 1920 ab
1082 1845 1156 1947 ipso
1169 1861 1350 1947 amputato.
1363 1845 1446 1919 llaec

370 1960 524 2038 fabulose
552 1962 685 2052 adficta,
704 1981 861 2065 quantam
885 1963 920 2038 in
936 1992 1063 2038 summa
1085 1964 1247 2039 brevitate
1272 1955 1445 2038 eontinent

372 2078 532 2154 doctrinae
555 2081 703 2183 copiam,
726 2080 766 2156 ad
788 2081 889 2155 vitam
915 2099 1014 2183 atque
1036 2109 1147 2156 mores
1164 2078 1392 2157 conferentis?
1414 2078 1447 2153 si

370 2197 542 2280 Perseum,
561 2196 687 2272 scilieet
700 2197 861 2271 rationem
873 2196 1055 2294 intelligas,
1073 2197 1249 2274 Medusam
1259 2224 1359 2286 reru,
1375 2222 1444 2269 uua

371 2342 446 2388 eum
465 2314 657 2400 sororibus,
674 2312 882 2415 voluptatum
898 2312 1086 2404 illecebras,
1106 2341 1179 2417 quae
1198 2311 1325 2387 ratione
1341 2339 1444 2413 supe·

371 2428 438 2503 rari
455 2428 564 2504 solent
579 2428 691 2503 divino
708 2429 822 2530 adjuta
838 2427 961 2504 auxilio
988 2458 996 2502 :
1016 2427 1053 2502 id
1077 2427 1167 2530 quod
1191 2427 1269 2523 agis
1283 2426 1444 2501 Minervae

372 2546 483 2621 innuit
499 2574 574 2620 cum
592 2547 756 2650 Mercurii
769 2545 898 2643 gladio,
918 2563 952 2620 et
968 2546 1051 2619 Orci
1071 2543 1179 2641 galea,
1196 2543 1320 2645 quibus
1337 2560 1446 2644 poete

371 2659 466 2736 illum
482 2689 655 2737 manere.
671 2661 772 2759 Quod
788 2661 817 2737 si
832 2661 1024 2757 Gorgones,
1042 2687 1115 2762 quae
1127 2656 1300 2732 Dorcadas
1317 2655 1445 2731 Oceani

372 2777 558 2880 AEtbiopici
574 2777 700 2853 insulas
714 2777 883 2852 habitasse
907 2776 1146 2879 perhibentur,
1164 2801 1265 2876 aquas
1282 2773 1375 2874 ipsas
1390 2773 1446 2845 in·

371 2892 560 2993 terpreteris
575 2893 675 2967 maris
691 2891 797 2982 filias,
815 2891 993 2967 Medusam
1015 2919 1093 2965 vero
1116 2906 1242 2992 partem
1264 2915 1377 2963 earum
1395 2903 1445 2960 te-

372 3007 542 3097 nuiorem,
558 3034 597 3080 ac
608 3024 896 3109 supematantem,
910 3008 1067 3082 Perseum
1078 3004 1221 3105 denique
1231 3000 1333 3077 solem
1348 3032 1358 3078 z
1371 3031 1443 3077 uon

372 3125 531 3203 defuturae
548 3126 677 3200 suntin
692 3126 755 3202 bac
771 3126 844 3228 ipsa
867 3124 977 3201 sabula
1000 3123 1224 3224 subjectiones
1240 3119 1442 3217 ingeniose,

372 3243 412 3317 de
439 3261 581 3331 naturae,
609 3244 738 3347 Deique
761 3242 890 3346 opificis
906 3242 1093 3317 actionibus
1109 3239 1337 3323 mirabilibus,
1357 3240 1443 3313 vires

373 3388 449 3436 suas
459 3378 584 3435 nature
596 3359 827 3463 impertientis.
840 3358 907 3434 Sed
916 3360 980 3435 ista
993 3359 1158 3462 prolixius
1170 3386 1259 3433 nnnc
1268 3359 1442 3460 persequi,

369 3477 624 3580 fabularumque
635 3477 797 3554 utilitates
809 3477 990 3554 uberrimas
1009 3495 1160 3553 excutere
1176 3483 1339 3579 (quarum
1353 3473 1441 3564 alise,

372 3611 454 3669 teste
479 3592 751 3679 Halicamasseo,
774 3610 901 3669 natura
925 3621 1028 3695 opera
1048 3592 1222 3690 immploec
1243 3589 1444 3665 adumbrata

372 3709 566 3798 continent;
593 3709 664 3786 alia
688 3710 908 3786 bumanarum
935 3708 1155 3785 calamitatum
1179 3706 1446 3783 consolationem

372 3824 513 3912 habent;
524 3823 596 3900 alie
606 3825 1027 3926 terrores,animorumque
1035 3822 1304 3926 perturbationes
1315 3821 1447 3897 anobis

375 3939 567 4042 depellunt,
586 3940 828 4042 opinionesque
844 3937 987 4015 evellunt
1008 3967 1124 4041 parum
1141 3966 1254 4026 sanas;
1271 3935 1343 4012 aliae
1360 3933 1447 4011 alia-

373 4087 447 4134 rum
460 4057 642 4133 utilitatum
653 4085 749 4133 eausa
761 4060 952 4154 ercoffl'tatae
965 4057 1067 4155 sunt)
1085 4055 1174 4141 bac,
1193 4055 1348 4155 iuquam,
1366 4081 1446 4154 per·

374 4171 467 4274 sequi
485 4190 585 4274 atque
599 4198 763 4274 exponere
778 4171 879 4247 nimis
895 4188 981 4245 esset
996 4168 1145 4265 longum.
1163 4172 1297 4270 ltaque,
1321 4169 1449 4242 horum

376 4288 581 4364 enarratione
594 4289 630 4362 iu
642 4285 732 4363 alind
744 4305 875 4390 tempus
886 4287 1025 4387 rejecta,
1043 4284 1139 4360 venio
1151 4312 1240 4359 nunc
1251 4283 1294 4357 ad
1308 4300 1451 4357 caeteras
