3159 5134
461 497 557 563 PER
582 498 614 563 J.
641 494 877 563 MASSON.
1137 498 1197 561 105

132 633 211 709 Caio
236 650 270 708 et
295 633 401 706 Lucio
429 633 616 709 Caesaribus
641 635 785 709 eamdem
813 653 922 731 togam
951 632 1063 721 dedit,
1080 630 1204 735 aliique

133 769 247 852 postea
264 766 476 835 sumseruut3
494 751 544 822 uti
568 751 610 823 cl.
629 738 793 828 Dodwell.
813 760 916 852 ¹post
931 748 1013 824 alios
1033 767 1121 824 recte
1141 750 1203 823 do·

133 869 206 940 cuit.
228 866 322 962 Quin
343 866 440 938 etiam
455 863 664 940 doctissimus
682 867 842 942 Octavius
859 866 1028 941 Ferrarius
1047 875 1080 954 ²,
1097 865 1155 967 qui
1173 883 1206 940 et

134 971 263 1056 initium
288 980 330 1053 15
345 982 424 1054 anni
442 981 608 1056 sumenda
620 1010 683 1083 pro
696 1010 789 1057 more
806 1001 890 1078 togae
907 981 1019 1058 liberae
1030 982 1204 1079 adsignat,

136 1101 298 1175 existimat
309 1128 384 1173 cum
393 1100 565 1187 Manutio,
577 1102 768 1196 Augustum
780 1158 788 1188 ,
802 1101 971 1175 Ciceronis
989 1102 1067 1175 item
1079 1099 1205 1188 filium,

135 1234 166 1291 et
180 1216 263 1291 alios
281 1217 387 1290 serius
405 1216 439 1287 id
458 1216 564 1311 egisse
579 1217 683 1313 magis
698 1217 741 1290 ab
758 1218 821 1292 alia
839 1247 960 1307 eausa,
982 1246 1080 1319 qnam
1096 1245 1115 1289 a
1131 1215 1204 1311 lege

135 1352 186 1407 aut
201 1360 304 1407 more.
324 1332 435 1429 Quem
453 1361 578 1408 morem
596 1334 625 1407 si
641 1336 784 1409 Nasonis
801 1333 907 1410 nostri
925 1350 1078 1436 parentes
1101 1334 1206 1408 secuti

136 1451 274 1540 fuerint,
297 1466 481 1551 potuerunt
497 1449 588 1523 hisce
603 1449 819 1540 consulibus,
836 1470 869 1526 et
885 1451 1019 1553 quidem
1037 1450 1089 1524 die
1106 1479 1204 1551 supe-

135 1567 198 1641 rius
212 1584 354 1655 notato,
374 1566 549 1641 lr'bcrolibus
563 1595 701 1669 nempe,
719 1567 825 1643 lilium
849 1568 912 1642 bac
939 1566 1026 1641 virili
1051 1587 1129 1664 toga
1154 1567 1204 1639 in-

135 1681 249 1764 duere,
270 1711 374 1783 quom
391 1684 462 1782 ejus
486 1680 527 1756 15
545 1711 652 1759 annus
667 1702 753 1760 esset
770 1686 806 1758 in
822 1686 922 1759 exitu.

177 1799 220 1870 ll.
249 1796 426 1898 Inprimis
448 1826 550 1897 porro
573 1800 663 1873 venit
686 1799 952 1886 observandum,
979 1799 1071 1900 qnod
1087 1815 1203 1872 noster

135 1912 287 2012 predicta
302 1913 402 1987 Trist.
431 1912 491 1988 lib.
511 1916 571 2003 lt,
590 1914 642 1989 El.
661 1937 703 2000 x,
724 1916 765 1990 de
786 1917 851 1989 loto
872 1916 956 1988 claro
978 1916 1044 1990 sibi
1062 1934 1094 1989 et
1110 1913 1202 1987 fratri

15 2077 19 2098 .
135 2026 227 2101 simul
248 2057 324 2102 cum
342 2044 421 2124 toga
435 2058 520 2130 pura
537 2030 616 2103 dato
634 2029 827 2130 subjungit,
847 2057 929 2104 vers.
950 2054 1017 2129 29:

294 2174 472 2245 induiturque
485 2174 603 2229 humeris
613 2194 675 2229 curn
686 2175 739 2230 lato
751 2194 868 2245 purpura
878 2174 959 2229 claro.

134 2290 208 2377 ubi,
227 2290 454 2365 consentiente
469 2290 643 2364 doctorum
657 2291 876 2367 recentiorum
896 2290 907 2330 ³
928 2290 1065 2365 cohorte
1077 2345 1087 2378 ,
1101 2289 1204 2384 signi·

133 2407 203 2483 licat
220 2427 321 2510 poeta
337 2409 487 2482 indutam
511 2408 577 2482 sibi
593 2408 695 2483 luisse
710 2411 862 2495 luricurn,
885 2439 957 2511 quae
976 2408 1202 2511 scriptoribus

133 2521 200 2596 aliis
225 2523 351 2596 dicitur
374 2523 476 2595 turico
504 2523 563 2597 tati
586 2524 666 2597 clari
683 2520 708 2610 ⁴,
728 2551 786 2597 sen
813 2523 965 2609 laticlavia
984 2519 1006 2594 ⁵.
1035 2520 1203 2595 ataldus

135 2639 306 2713 Manutius
325 2634 338 2676 ⁶
354 2637 434 2710 hinc
452 2637 537 2711 clare
553 2637 618 2712 sibi
634 2638 764 2713 videtur
781 2637 956 2735 colligere,
973 2636 1096 2711 hancce
1114 2638 1202 2711 tuni-

133 2780 198 2826 cam
216 2753 354 2828 omnino
365 2779 555 2852 purpureum
571 2753 684 2829 fnisse.
702 2754 836 2829 Etenim
855 2783 957 2856 quum
977 2755 1011 2827 in
1029 2753 1116 2828 banc
1134 2783 1202 2828 rem

132 2871 354 2946 testimouium
372 2897 411 2942 cx
430 2868 641 2965 Quintiliano
660 2889 692 2944 et
711 2870 873 2946 Cicerone
892 2873 985 2974 prins
1012 2870 1201 2960 laudasset,

132 2985 245 3061 addit:
267 2988 430 3061 «Verum
454 2984 495 3057 de
516 2988 628 3060 tunica
652 2986 711 3062 lati
736 2988 820 3062 clavi
837 3015 1024 3090 purpurea,
1042 3005 1081 3061 ut
1105 2987 1202 3060 omit·

133 3134 150 3165 »
172 3120 286 3177 tantur
298 3102 407 3176 dubia
421 3101 562 3177 sortasse
574 3105 680 3203 (NB.)
690 3104 766 3178 fidei
782 3103 985 3190 testimonia,
1000 3104 1080 3177 satis
1089 3120 1202 3205 aperta

132 3251 150 3282 κ
170 3217 207 3291 lit
222 3218 420 3315 significatio
438 3219 473 3292 iu
487 3219 554 3293 boc
572 3221 686 3294 Ovidii
702 3250 821 3296 versu:
836 3219 996 3306 Induilur,
1015 3236 1076 3293 etc.
1094 3252 1111 3283 n
1132 3221 1202 3294 Oc·

130 3338 235 3411 tarius
251 3365 332 3411 vero
349 3336 540 3425 Ferrarius,
560 3338 617 3438 qui
636 3366 711 3411 cum
728 3336 803 3412 aliis
819 3336 984 3412 existimat
998 3336 1132 3420 luricas,
1151 3335 1201 3407 uti

161 3498 169 3527 ¹
189 3494 364 3549 Prateoione
384 3511 403 3547 v
421 3494 453 3547 ad
473 3495 560 3565 Spart.
576 3494 705 3548 Hadrian.
725 3493 794 3548 Vide
808 3495 875 3564 Lips.
895 3493 928 3548 ad
946 3493 1030 3548 Tacit.
1046 3492 1143 3548 Annal.
1161 3492 1205 3545 lib,

129 3579 197 3647 XII,
211 3599 268 3649 cap.
280 3584 321 3647 4¹·
778 3581 780 3585 '

156 3666 168 3695 ²
183 3663 229 3716 De
244 3663 284 3717 Re
298 3662 400 3717 vestiar.
410 3662 455 3716 lib.
470 3663 515 3730 ll,
529 3681 583 3733 cap.
600 3668 628 3717 1.'

155 3742 168 3775 ³
183 3744 305 3798 Lubente
317 3744 426 3813 quidem
442 3761 478 3798 xv
489 3744 578 3798 seculo
592 3746 716 3814 clusuras
728 3746 844 3817 ingenue
856 3746 1005 3813 fatebatur,
1023 3766 1050 3800 se
1064 3745 1143 3816 buius
1154 3745 1202 3800 loci

124 3825 311 3883 difficultatem
321 3827 413 3881 tollere
424 3846 480 3881 non
492 3829 606 3898 potuisse
616 3850 623 3892 ;
635 3849 723 3899 neque
734 3829 865 3883 feliciores
872 3840 949 3884 eraut
957 3831 1016 3898 alii,
1026 3849 1093 3900 quos
1101 3830 1130 3883 in
1137 3829 1202 3883 urbe

125 3910 214 3965 Roma
225 3922 254 3965 et
265 3912 294 3965 in
305 3910 483 3967 celeberrimis
496 3912 578 3966 ltalia
591 3913 731 3985 gymnasiis
742 3912 790 3967 bac
802 3913 836 3967 de
847 3933 876 3968 re
888 3915 1054 3975 consuluerat
1066 3932 1073 3966 τ
1084 3911 1137 3969 vid.
1147 3913 1203 3983 ejus

123 3995 156 4047 ad
169 3995 243 4051 bunc
255 3998 303 4051 loc„
315 4007 371 4051 not.

153 4083 165 4119 ⁴
183 4082 297 4136 Sueten.
310 4083 338 4136 in
351 4084 421 4155 Aug,
431 4103 487 4155 cap.
500 4088 541 4158 94

155 4168 167 4202 ⁵
182 4168 276 4221 Valer.
289 4168 398 4222 Maxim.
410 4169 454 4223 lib.
467 4167 504 4236 V,
515 4188 570 4239 cap.
583 4189 602 4223 r.

182 4252 300 4321 Quasit.
309 4273 358 4323 per
372 4253 455 4324 Epist.
464 4253 508 4309 lib.
520 4254 566 4321 ll,
578 4273 633 4324 cap.
645 4275 678 4323 a,
694 4254 727 4309 de
741 4252 816 4326 Toga
829 4256 907 4310 Rom.
