3159 5134
132 525 1212 568 mmmmm

493 680 672 743 JOANNIS
693 685 861 748 Messon

297 878 1065 1036 DISSERTATIO

193 1144 259 1217 DE
284 1142 500 1240 ANTIQUO
526 1144 676 1220 VElDll
700 1144 949 1230 conmotus
973 1159 1154 1233 NUMMO

438 1356 549 1413 Quen
569 1360 654 1405 vrnr
675 1360 932 1414 numerarim

273 1518 465 1573 emmam
481 1520 611 1574 OVIDIO
628 1523 763 1578 Nasont
780 1528 1082 1590 ADSCRIPSERANT.

535 1721 823 1751 ψ

182 1983 207 2041 1.
223 1976 301 2052 Quae
314 1973 368 2031 bac
380 1969 414 2029 de
427 1990 458 2029 re
469 1968 537 2031 olim
550 1971 580 2030 iu
596 1985 691 2050 poetae
704 1975 803 2052 vita¹,
819 1999 869 2059 per
882 1991 1061 2043 transennam
1072 1997 1102 2045 et
1114 1988 1215 2063 partim

140 2104 175 2147 er
190 2078 367 2167 conjecturis
383 2076 700 2154 ratiocinatiom'busve,
716 2082 848 2145 adversus
861 2084 938 2147 viros
953 2090 1089 2152 maximos
1098 2104 1216 2153 notave-

141 2210 201 2252 ram
214 2188 282 2263 ,hic
292 2205 422 2247 seorsum
432 2180 502 2243 mihi
511 2187 686 2246 retractanda
696 2189 849 2267 videntur,
863 2205 895 2253 ut
903 2215 980 2254 nunc
991 2197 1105 2258 tandem
1115 2199 1217 2260 veritas

140 2299 172 2357 in
192 2309 259 2358 tuto
285 2311 449 2372 summaque
470 2289 533 2352 luce
556 2291 738 2369 collocetur,
766 2310 917 2380 postquam
946 2301 1017 2362 illud
1042 2304 1217 2385 antiquitatis

141 2412 365 2466 monumentum
385 2419 463 2457 amc
483 2411 687 2476 conspectum,
709 2424 740 2461 ac
763 2404 799 2463 ad
820 2407 975 2467 accuratius
997 2431 1112 2470 examen
1130 2434 1216 2474 revo-

143 2524 238 2573 catum
251 2509 316 2570 luit.
390 2524 396 2535 “

186 2621 228 2679 ll.
237 2616 374 2687 Scilicet,
392 2634 428 2673 ne
440 2612 535 2696 longis
547 2627 609 2675 utar
621 2615 801 2699 ambagibus,
814 2643 903 2701 quum
914 2623 1017 2685 Romae
1028 2646 1079 2701 per
1092 2638 1217 2686 aestatem

144 2728 204 2788 An.
232 2744 309 2808 ¹7⁰9
329 2722 479 2804 degerem,
498 2721 619 2781 maximo
631 2721 712 2798 zelo,
735 2746 788 2783 nec
809 2726 915 2787 minori
937 2750 1002 2788 cura
1022 2731 1218 2811 perquirebant

144 2856 182 2893 an
205 2830 389 2900 adhucdum,
420 2839 449 2887 et
470 2827 582 2887 ubinam
603 2841 708 2890 extaret
727 2829 775 2891 ille
798 2831 955 2905 Nummus,
984 2857 1067 2915 quem
1089 2849 1135 2897 tot
1154 2853 1218 2899 ante

146 2939 228 3000 annis
257 2936 363 2996 ibidem
386 2933 461 3011 apud
490 2933 531 2992 ill.
555 2947 711 2996 matronam
737 2939 875 2998 Felicium
904 2938 1115 3015 Roudoninioe,
1136 2944 1218 3005 side-

146 3060 228 3122 rant,
242 3045 383 3125 indeque,
393 3041 552 3103 ceuOvidii
565 3044 687 3104 Nasonis
698 3068 804 3106 nomen
816 3068 847 3107 ae
859 3061 941 3124 caput
950 3073 1009 3126 prae
1020 3072 1050 3110 se
1061 3050 1216 3124 serentem,

148 3154 334 3235 vulgaverant
350 3148 404 3209 viri
426 3169 509 3224 supra
532 3147 627 3209 laudes
658 3151 744 3227 positi
765 3151 860 3212 Nicol·
883 3154 1037 3227 Heinsius,
1063 3168 1093 3216 et
1116 3157 1220 3217 Eucti.

148 3260 351 3343 Spondemius.
377 3258 450 3317 Rem
474 3255 514 3315 sic
535 3256 715 3338 investiganti
741 3259 882 3319 succurrit
906 3260 951 3319 Cl.
979 3261 1015 3316 V.
1047 3262 1220 3322 Franciscus

149 3368 332 3431 Bloncln'nus
341 3408 351 3436 ‚
375 3375 436 3421 tum
454 3361 618 3422 camerarius
638 3362 779 3423 Clementi
797 3366 870 3424 ΧΗ.
887 3367 917 3425 P.
934 3367 1136 3440 llonorarius,
1154 3391 1220 3428 nar-

149 3494 215 3535 rans
229 3473 306 3533 idem
318 3468 471 3532 Cimelium
482 3481 551 3528 tunc
564 3470 700 3546 temporis
714 3470 849 3530 asservari
859 3471 890 3529 in
899 3473 1010 3532 Musaeo
1023 3473 1121 3532 Emin.
1134 3474 1219 3534 Card.

151 3578 319 3650 Ottoboni,
333 3576 381 3637 cui
395 3598 410 3635 a
423 3574 538 3636 secretis
552 3575 636 3653 paulo
651 3587 715 3635 ante
727 3574 825 3635 luerat.
837 3579 905 3636 Mox
919 3579 979 3659 ejus
990 3577 1180 3650 humanitate,
1192 3591 1220 3639 et

150 3687 275 3765 ipsomet
284 3684 457 3755 comitante,
474 3682 629 3741 Nummum
640 3676 778 3754 tractans,
792 3684 886 3741 statim
897 3682 976 3742 facile
988 3683 1135 3760 perspexi,
1149 3685 1221 3745 nibil

150 3791 297 3853 dubitante
322 3790 410 3850 docto
435 3790 536 3850 eodem
557 3789 647 3863 viro,
675 3788 754 3848 illurn
780 3810 877 3849 revera
902 3788 1053 3850 nebulonis
1075 3792 1220 3874 cujusdam

150 3897 248 3959 fraude
263 3896 467 3968 adulteratum,
485 3905 573 3972 prout
592 3897 647 3976 jam
668 3905 733 3954 ante
756 3893 934 3978 augurabar,
958 3895 1065 3969 luisse,
1090 3911 1118 3957 et
1144 3910 1221 3958 tanta

150 4002 265 4086 quidem
280 3999 439 4079 imperitia,
456 4011 487 4061 ut
500 4001 579 4077 plura
595 4012 778 4061 cernerentur
794 4000 904 4062 artificii
916 4000 1053 4084 vestigia,
1071 4004 1220 4065 nonnulli·

153 4131 208 4191 que
224 4119 405 4186 superessent
419 4107 596 4189 antiquarum
613 4106 768 4168 litterarum
791 4107 915 4179 ductus,
942 4130 1014 4189 quos
1035 4109 1163 4182 Burino,
1190 4122 1223 4169 ut

188 4295 196 4322 ¹
214 4289 275 4342 Vid.
288 4308 383 4358 supra,
396 4307 452 4357 pap,
468 4288 521 4342 156.
