<?xml version="1.0" encoding="UTF-8"?>
<!DOCTYPE html PUBLIC "-//W3C//DTD XHTML 1.0 Transitional//EN"
    "http://www.w3.org/TR/xhtml1/DTD/xhtml1-transitional.dtd">
<html xmlns="http://www.w3.org/1999/xhtml" xml:lang="en" lang="en">
 <head>
  <title>
</title>
<meta http-equiv="Content-Type" content="text/html;charset=utf-8" />
  <meta name='ocr-system' content='tesseract 3.04.00' />
  <meta name='ocr-capabilities' content='ocr_page ocr_carea ocr_par ocr_line ocrx_word'/>
</head>
<body>
  <div class='ocr_page' id='page_1' title='image "./publiusovidiusn00giergoog/publiusovidiusn00giergoog_0192.png"; bbox 0 0 3159 5134; ppageno 0'>
   <div class='ocr_carea' id='block_1_1' title="bbox 346 510 1072 580">
    <p class='ocr_par' dir='ltr' id='par_1_1' title="bbox 346 510 1072 580">
     <span class='ocr_line' id='line_1_1' title="bbox 346 510 1072 580; baseline 0.004 -4"><span class='ocrx_word' id='word_1_1' title='bbox 346 515 404 579; x_wconf 77' lang='lat'>182</span> <span class='ocrx_word' id='word_1_2' title='bbox 668 514 707 578; x_wconf 87' lang='lat' dir='ltr'>P.</span> <span class='ocrx_word' id='word_1_3' title='bbox 724 512 915 580; x_wconf 66' lang='lat' dir='ltr'>⁴OVIDII</span> <span class='ocrx_word' id='word_1_4' title='bbox 939 510 1072 580; x_wconf 84' lang='lat' dir='ltr'>VITA</span> 
     </span>
    </p>
   </div>
   <div class='ocr_carea' id='block_1_2' title="bbox 342 649 1429 2620">
    <p class='ocr_par' dir='ltr' id='par_1_2' title="bbox 342 649 1429 2620">
     <span class='ocr_line' id='line_1_2' title="bbox 342 649 1420 754; baseline 0.006 -30"><span class='ocrx_word' id='word_1_5' title='bbox 342 649 466 725; x_wconf 87' lang='lat' dir='ltr'>cembri</span> <span class='ocrx_word' id='word_1_6' title='bbox 483 680 535 725; x_wconf 80' lang='lat' dir='ltr'>nn.</span> <span class='ocrx_word' id='word_1_7' title='bbox 556 652 599 724; x_wconf 87' lang='lat' dir='ltr'>U.</span> <span class='ocrx_word' id='word_1_8' title='bbox 619 652 659 726; x_wconf 85' lang='lat' dir='ltr'>C.</span> <span class='ocrx_word' id='word_1_9' title='bbox 677 669 855 740; x_wconf 74' lang='lat' dir='ltr'>metm,</span> <span class='ocrx_word' id='word_1_10' title='bbox 872 682 892 725; x_wconf 83' lang='lat' dir='ltr'>a</span> <span class='ocrx_word' id='word_1_11' title='bbox 908 680 976 753; x_wconf 88' lang='lat' dir='ltr'>quo</span> <span class='ocrx_word' id='word_1_12' title='bbox 990 671 1139 754; x_wconf 86' lang='lat' dir='ltr'>tempore</span> <span class='ocrx_word' id='word_1_13' title='bbox 1151 653 1194 728; x_wconf 79' lang='lat' dir='ltr'>nd</span> <span class='ocrx_word' id='word_1_14' title='bbox 1206 670 1270 729; x_wconf 76' lang='lat' dir='ltr'>xlx</span> <span class='ocrx_word' id='word_1_15' title='bbox 1284 655 1420 731; x_wconf 77' lang='lat' dir='ltr'>Sextilis</span> 
     </span>
     <span class='ocr_line' id='line_1_3' title="bbox 344 762 1420 867; baseline 0.005 -27"><span class='ocrx_word' id='word_1_16' title='bbox 344 767 432 842; x_wconf 84' lang='lat' dir='ltr'>diem</span> <span class='ocrx_word' id='word_1_17' title='bbox 448 767 525 841; x_wconf 84' lang='lat' dir='ltr'>nuni</span> <span class='ocrx_word' id='word_1_18' title='bbox 542 762 776 867; x_wconf 83' lang='lat' dir='ltr'>subsequentis</span> <span class='ocrx_word' id='word_1_19' title='bbox 791 767 960 842; x_wconf 82' lang='lat' dir='ltr'><strong>intersunt</strong></span> <span class='ocrx_word' id='word_1_20' title='bbox 974 783 1043 842; x_wconf 85' lang='lat' dir='ltr'>octo</span> <span class='ocrx_word' id='word_1_21' title='bbox 1057 794 1195 844; x_wconf 89' lang='lat' dir='ltr'>menses.</span> <span class='ocrx_word' id='word_1_22' title='bbox 1225 771 1273 843; x_wconf 83' lang='lat' dir='ltr'>At</span> <span class='ocrx_word' id='word_1_23' title='bbox 1297 769 1420 846; x_wconf 86' lang='lat' dir='ltr'>obsen-</span> 
     </span>
     <span class='ocr_line' id='line_1_4' title="bbox 344 879 1422 985; baseline 0.003 -30"><span class='ocrx_word' id='word_1_24' title='bbox 344 882 508 965; x_wconf 83' lang='lat' dir='ltr'>vnndum‚</span> <span class='ocrx_word' id='word_1_25' title='bbox 526 881 623 955; x_wconf 85' lang='lat' dir='ltr'>istam</span> <span class='ocrx_word' id='word_1_26' title='bbox 645 879 821 981; x_wconf 83' lang='lat' dir='ltr'>epistolam</span> <span class='ocrx_word' id='word_1_27' title='bbox 839 882 876 954; x_wconf 91' lang='lat' dir='ltr'>in</span> <span class='ocrx_word' id='word_1_28' title='bbox 899 881 1007 956; x_wconf 82' lang='lat' dir='ltr'>exsilii</span> <span class='ocrx_word' id='word_1_29' title='bbox 1024 882 1118 971; x_wconf 84' lang='lat' dir='ltr'>ioco,</span> <span class='ocrx_word' id='word_1_30' title='bbox 1137 899 1316 985; x_wconf 78' lang='lat' dir='ltr'>postquam</span> <span class='ocrx_word' id='word_1_31' title='bbox 1334 913 1422 959; x_wconf 92' lang='lat' dir='ltr'>nuu-</span> 
     </span>
     <span class='ocr_line' id='line_1_5' title="bbox 346 997 1422 1100; baseline 0.001 -27"><span class='ocrx_word' id='word_1_32' title='bbox 346 1001 412 1074; x_wconf 88' lang='lat' dir='ltr'>tius</span> <span class='ocrx_word' id='word_1_33' title='bbox 430 998 471 1073; x_wconf 91' lang='lat' dir='ltr'>de</span> <span class='ocrx_word' id='word_1_34' title='bbox 488 997 585 1073; x_wconf 81' lang='lat' dir='ltr'>Fabii</span> <span class='ocrx_word' id='word_1_35' title='bbox 604 1014 638 1071; x_wconf 88' lang='lat' dir='ltr'>et</span> <span class='ocrx_word' id='word_1_36' title='bbox 655 998 802 1094; x_wconf 74' lang='lat' dir='ltr'>Augusti</span> <span class='ocrx_word' id='word_1_37' title='bbox 823 1014 932 1072; x_wconf 90' lang='lat' dir='ltr'>morte</span> <span class='ocrx_word' id='word_1_38' title='bbox 955 997 998 1070; x_wconf 83' lang='lat' dir='ltr'>ad</span> <span class='ocrx_word' id='word_1_39' title='bbox 1022 997 1182 1073; x_wconf 78' lang='lat' dir='ltr'>Ovidium</span> <span class='ocrx_word' id='word_1_40' title='bbox 1204 1017 1422 1100; x_wconf 82' lang='lat' dir='ltr'>pervenerat,</span> 
     </span>
     <span class='ocr_line' id='line_1_6' title="bbox 347 1110 1425 1215; baseline 0 -27"><span class='ocrx_word' id='word_1_41' title='bbox 347 1113 504 1213; x_wconf 73' lang='lat' dir='ltr'>scriptam</span> <span class='ocrx_word' id='word_1_42' title='bbox 522 1138 603 1185; x_wconf 87' lang='lat' dir='ltr'>esse.</span> <span class='ocrx_word' id='word_1_43' title='bbox 621 1112 714 1207; x_wconf 81' lang='lat' dir='ltr'>Ergo</span> <span class='ocrx_word' id='word_1_44' title='bbox 731 1111 864 1185; x_wconf 83' lang='lat' dir='ltr'>circiter</span> <span class='ocrx_word' id='word_1_45' title='bbox 880 1110 1090 1213; x_wconf 80' lang='lat' dir='ltr'>Septembris</span> <span class='ocrx_word' id='word_1_46' title='bbox 1105 1114 1230 1187; x_wconf 83' lang='lat' dir='ltr'>exitum</span> <span class='ocrx_word' id='word_1_47' title='bbox 1246 1114 1361 1215; x_wconf 83' lang='lat' dir='ltr'>potuit</span> <span class='ocrx_word' id='word_1_48' title='bbox 1375 1113 1425 1188; x_wconf 87' lang='lat' dir='ltr'>ei-</span> 
     </span>
     <span class='ocr_line' id='line_1_7' title="bbox 348 1228 1425 1307; baseline 0 -1"><span class='ocrx_word' id='word_1_49' title='bbox 348 1233 512 1307; x_wconf 89' lang='lat' dir='ltr'>tissimum</span> <span class='ocrx_word' id='word_1_50' title='bbox 520 1230 803 1305; x_wconf 80' lang='lat' dir='ltr'>mittiTumvero</span> <span class='ocrx_word' id='word_1_51' title='bbox 814 1245 920 1303; x_wconf 74' lang='lat' dir='ltr'>sentus</span> <span class='ocrx_word' id='word_1_52' title='bbox 928 1228 1034 1303; x_wconf 77' lang='lat' dir='ltr'>exsilii</span> <span class='ocrx_word' id='word_1_53' title='bbox 1045 1256 1153 1304; x_wconf 78' lang='lat' dir='ltr'>annus</span> <span class='ocrx_word' id='word_1_54' title='bbox 1162 1230 1197 1302; x_wconf 90' lang='lat' dir='ltr'>iu</span> <span class='ocrx_word' id='word_1_55' title='bbox 1206 1230 1296 1305; x_wconf 84' lang='lat' dir='ltr'>exitu</span> <span class='ocrx_word' id='word_1_56' title='bbox 1304 1231 1425 1306; x_wconf 82' lang='lat' dir='ltr'>fuisset</span> 
     </span>
     <span class='ocr_line' id='line_1_8' title="bbox 348 1343 1424 1446; baseline -0.001 -24"><span class='ocrx_word' id='word_1_57' title='bbox 348 1351 416 1423; x_wconf 86' lang='lat' dir='ltr'>sere</span> <span class='ocrx_word' id='word_1_58' title='bbox 432 1347 569 1420; x_wconf 87' lang='lat' dir='ltr'>omnino</span> <span class='ocrx_word' id='word_1_59' title='bbox 587 1343 777 1432; x_wconf 81' lang='lat' dir='ltr'>absolutus,</span> <span class='ocrx_word' id='word_1_60' title='bbox 797 1373 860 1446; x_wconf 89' lang='lat' dir='ltr'>pro</span> <span class='ocrx_word' id='word_1_61' title='bbox 880 1344 1004 1419; x_wconf 83' lang='lat' dir='ltr'>Norisii</span> <span class='ocrx_word' id='word_1_62' title='bbox 1021 1345 1193 1420; x_wconf 82' lang='lat' dir='ltr'>sententia.</span> <span class='ocrx_word' id='word_1_63' title='bbox 1221 1347 1296 1419; x_wconf 84' lang='lat' dir='ltr'>Hoc</span> <span class='ocrx_word' id='word_1_64' title='bbox 1312 1363 1424 1421; x_wconf 85' lang='lat' dir='ltr'>tomen</span> 
     </span>
     <span class='ocr_line' id='line_1_9' title="bbox 350 1458 1424 1562; baseline -0.003 -24"><span class='ocrx_word' id='word_1_65' title='bbox 350 1492 420 1538; x_wconf 91' lang='lat' dir='ltr'>non</span> <span class='ocrx_word' id='word_1_66' title='bbox 438 1460 626 1557; x_wconf 74' lang='lat' dir='ltr'>significant</span> <span class='ocrx_word' id='word_1_67' title='bbox 641 1460 756 1535; x_wconf 86' lang='lat' dir='ltr'>Ovidii</span> <span class='ocrx_word' id='word_1_68' title='bbox 780 1462 899 1547; x_wconf 83' lang='lat' dir='ltr'>verba3</span> <span class='ocrx_word' id='word_1_69' title='bbox 922 1459 1003 1562; x_wconf 90' lang='lat' dir='ltr'>quin</span> <span class='ocrx_word' id='word_1_70' title='bbox 1021 1461 1136 1561; x_wconf 91' lang='lat' dir='ltr'>potius</span> <span class='ocrx_word' id='word_1_71' title='bbox 1151 1458 1236 1536; x_wconf 82' lang='lat' dir='ltr'>dure</span> <span class='ocrx_word' id='word_1_72' title='bbox 1250 1461 1424 1551; x_wconf 81' lang='lat' dir='ltr'>indicant,</span> 
     </span>
     <span class='ocr_line' id='line_1_10' title="bbox 352 1576 1425 1662; baseline 0.001 -8"><span class='ocrx_word' id='word_1_73' title='bbox 352 1598 424 1654; x_wconf 87' lang='lat' dir='ltr'>tum</span> <span class='ocrx_word' id='word_1_74' title='bbox 438 1579 566 1651; x_wconf 81' lang='lat' dir='ltr'>alterum</span> <span class='ocrx_word' id='word_1_75' title='bbox 583 1578 729 1662; x_wconf 79' lang='lat' dir='ltr'>lustrum,</span> <span class='ocrx_word' id='word_1_76' title='bbox 746 1604 804 1650; x_wconf 91' lang='lat' dir='ltr'>seu</span> <span class='ocrx_word' id='word_1_77' title='bbox 820 1591 940 1650; x_wconf 73' lang='lat' dir='ltr'>astron</span> <span class='ocrx_word' id='word_1_78' title='bbox 955 1576 1062 1650; x_wconf 80' lang='lat' dir='ltr'>exsilii</span> <span class='ocrx_word' id='word_1_79' title='bbox 1075 1605 1198 1652; x_wconf 79' lang='lat' dir='ltr'>annum</span> <span class='ocrx_word' id='word_1_80' title='bbox 1214 1577 1315 1653; x_wconf 88' lang='lat' dir='ltr'>modo</span> <span class='ocrx_word' id='word_1_81' title='bbox 1330 1579 1425 1655; x_wconf 92' lang='lat' dir='ltr'>ince-</span> 
     </span>
     <span class='ocr_line' id='line_1_11' title="bbox 348 1691 1426 1797; baseline 0.005 -30"><span class='ocrx_word' id='word_1_82' title='bbox 348 1695 456 1797; x_wconf 86' lang='lat' dir='ltr'>pisse,</span> <span class='ocrx_word' id='word_1_83' title='bbox 474 1722 577 1794; x_wconf 85' lang='lat' dir='ltr'>quum</span> <span class='ocrx_word' id='word_1_84' title='bbox 594 1691 737 1768; x_wconf 85' lang='lat' dir='ltr'>Ovidius</span> <span class='ocrx_word' id='word_1_85' title='bbox 753 1721 791 1767; x_wconf 82' lang='lat' dir='ltr'>ea</span> <span class='ocrx_word' id='word_1_86' title='bbox 813 1693 982 1768; x_wconf 80' lang='lat' dir='ltr'>scriberet</span> <span class='ocrx_word' id='word_1_87' title='bbox 1006 1693 1135 1769; x_wconf 90' lang='lat' dir='ltr'>Idcirco</span> <span class='ocrx_word' id='word_1_88' title='bbox 1157 1693 1236 1770; x_wconf 91' lang='lat' dir='ltr'>hinc</span> <span class='ocrx_word' id='word_1_89' title='bbox 1253 1713 1367 1771; x_wconf 82' lang='lat' dir='ltr'>nostra</span> <span class='ocrx_word' id='word_1_90' title='bbox 1382 1696 1426 1772; x_wconf 88' lang='lat' dir='ltr'>de</span> 
     </span>
     <span class='ocr_line' id='line_1_12' title="bbox 350 1810 1426 1916; baseline -0.001 -26"><span class='ocrx_word' id='word_1_91' title='bbox 350 1810 438 1890; x_wconf 80' lang='lat' dir='ltr'>auno</span> <span class='ocrx_word' id='word_1_92' title='bbox 456 1815 500 1887; x_wconf 90' lang='lat' dir='ltr'>U.</span> <span class='ocrx_word' id='word_1_93' title='bbox 515 1812 554 1887; x_wconf 88' lang='lat' dir='ltr'>C.</span> <span class='ocrx_word' id='word_1_94' title='bbox 570 1828 732 1900; x_wconf 77' lang='lat' dir='ltr'>ncctxtt,</span> <span class='ocrx_word' id='word_1_95' title='bbox 749 1840 809 1886; x_wconf 93' lang='lat' dir='ltr'>ceu</span> <span class='ocrx_word' id='word_1_96' title='bbox 827 1811 985 1886; x_wconf 78' lang='lat' dir='ltr'>ovidiani</span> <span class='ocrx_word' id='word_1_97' title='bbox 998 1811 1106 1888; x_wconf 81' lang='lat' dir='ltr'>exsilii</span> <span class='ocrx_word' id='word_1_98' title='bbox 1120 1815 1267 1916; x_wconf 76' lang='lat' dir='ltr'>epocha,</span> <span class='ocrx_word' id='word_1_99' title='bbox 1285 1814 1426 1889; x_wconf 91' lang='lat' dir='ltr'>demon·</span> 
     </span>
     <span class='ocr_line' id='line_1_13' title="bbox 352 1927 1426 2031; baseline -0.003 -22"><span class='ocrx_word' id='word_1_100' title='bbox 352 1950 476 2009; x_wconf 80' lang='lat' dir='ltr'>stratur</span> <span class='ocrx_word' id='word_1_101' title='bbox 499 1929 671 2005; x_wconf 84' lang='lat' dir='ltr'>sententis.</span> <span class='ocrx_word' id='word_1_102' title='bbox 699 1927 834 2003; x_wconf 83' lang='lat' dir='ltr'>Etenim</span> <span class='ocrx_word' id='word_1_103' title='bbox 849 1929 892 2003; x_wconf 81' lang='lat' dir='ltr'>nb</span> <span class='ocrx_word' id='word_1_104' title='bbox 912 1927 1055 2004; x_wconf 76' lang='lat' dir='ltr'>Octobri</span> <span class='ocrx_word' id='word_1_105' title='bbox 1073 1928 1123 2004; x_wconf 81' lang='lat' dir='ltr'>vel</span> <span class='ocrx_word' id='word_1_106' title='bbox 1140 1931 1323 2006; x_wconf 81' lang='lat' dir='ltr'>Novembri</span> <span class='ocrx_word' id='word_1_107' title='bbox 1339 1933 1426 2031; x_wconf 90' lang='lat' dir='ltr'>ejus·</span> 
     </span>
     <span class='ocr_line' id='line_1_14' title="bbox 351 2046 1424 2136; baseline -0.002 -11"><span class='ocrx_word' id='word_1_108' title='bbox 351 2051 427 2126; x_wconf 90' lang='lat' dir='ltr'>dem</span> <span class='ocrx_word' id='word_1_109' title='bbox 438 2049 517 2125; x_wconf 83' lang='lat' dir='ltr'>anni</span> <span class='ocrx_word' id='word_1_110' title='bbox 528 2048 569 2123; x_wconf 81' lang='lat' dir='ltr'>ad</span> <span class='ocrx_word' id='word_1_111' title='bbox 580 2046 775 2121; x_wconf 82' lang='lat' dir='ltr'>alterutrum</span> <span class='ocrx_word' id='word_1_112' title='bbox 787 2073 934 2120; x_wconf 88' lang='lat' dir='ltr'>mensem</span> <span class='ocrx_word' id='word_1_113' title='bbox 945 2074 997 2121; x_wconf 78' lang='lat' dir='ltr'>an.</span> <span class='ocrx_word' id='word_1_114' title='bbox 1014 2047 1057 2119; x_wconf 91' lang='lat' dir='ltr'>U.</span> <span class='ocrx_word' id='word_1_115' title='bbox 1072 2046 1110 2120; x_wconf 88' lang='lat' dir='ltr'>C.</span> <span class='ocrx_word' id='word_1_116' title='bbox 1126 2063 1316 2136; x_wconf 76' lang='lat' dir='ltr'>occtxvrr,</span> <span class='ocrx_word' id='word_1_117' title='bbox 1333 2074 1424 2123; x_wconf 87' lang='lat' dir='ltr'>com·</span> 
     </span>
     <span class='ocr_line' id='line_1_15' title="bbox 351 2163 1424 2272; baseline -0.003 -28"><span class='ocrx_word' id='word_1_118' title='bbox 351 2168 479 2272; x_wconf 80' lang='lat' dir='ltr'>pletum</span> <span class='ocrx_word' id='word_1_119' title='bbox 504 2167 647 2242; x_wconf 83' lang='lat' dir='ltr'>babetur</span> <span class='ocrx_word' id='word_1_120' title='bbox 670 2166 808 2240; x_wconf 67' lang='lat' dir='ltr'>luurmrr.</span> <span class='ocrx_word' id='word_1_121' title='bbox 846 2164 1007 2266; x_wconf 82' lang='lat' dir='ltr'>Adeoque</span> <span class='ocrx_word' id='word_1_122' title='bbox 1032 2163 1166 2240; x_wconf 80' lang='lat' dir='ltr'>laudato</span> <span class='ocrx_word' id='word_1_123' title='bbox 1182 2165 1341 2267; x_wconf 81' lang='lat' dir='ltr'>epistola,</span> <span class='ocrx_word' id='word_1_124' title='bbox 1365 2193 1424 2241; x_wconf 91' lang='lat' dir='ltr'>seu</span> 
     </span>
     <span class='ocr_line' id='line_1_16' title="bbox 352 2279 1423 2380; baseline -0.006 -21"><span class='ocrx_word' id='word_1_125' title='bbox 352 2283 478 2380; x_wconf 73' lang='lat' dir='ltr'>elegia,</span> <span class='ocrx_word' id='word_1_126' title='bbox 505 2280 674 2357; x_wconf 78' lang='lat' dir='ltr'>Decembri</span> <span class='ocrx_word' id='word_1_127' title='bbox 700 2308 865 2355; x_wconf 87' lang='lat' dir='ltr'>summum</span> <span class='ocrx_word' id='word_1_128' title='bbox 892 2279 990 2354; x_wconf 88' lang='lat' dir='ltr'>istius</span> <span class='ocrx_word' id='word_1_129' title='bbox 1013 2280 1091 2354; x_wconf 79' lang='lat' dir='ltr'>anni</span> <span class='ocrx_word' id='word_1_130' title='bbox 1111 2281 1307 2356; x_wconf 80' lang='lat' dir='ltr'>concinnata</span> <span class='ocrx_word' id='word_1_131' title='bbox 1332 2280 1423 2369; x_wconf 61' lang='lat' dir='ltr'>tuin</span> 
     </span>
     <span class='ocr_line' id='line_1_17' title="bbox 353 2394 1425 2502; baseline -0.004 -27"><span class='ocrx_word' id='word_1_132' title='bbox 353 2427 458 2502; x_wconf 91' lang='lat' dir='ltr'>quum</span> <span class='ocrx_word' id='word_1_133' title='bbox 470 2396 665 2499; x_wconf 79' lang='lat' dir='ltr'>pmirpuenm&#39;s</span> <span class='ocrx_word' id='word_1_134' title='bbox 684 2395 870 2501; x_wconf 59' lang='lat' dir='ltr'>obstipus,</span> <span class='ocrx_word' id='word_1_135' title='bbox 892 2397 959 2471; x_wconf 86' lang='lat' dir='ltr'>sive</span> <span class='ocrx_word' id='word_1_136' title='bbox 969 2394 1112 2471; x_wconf 87' lang='lat' dir='ltr'>instrum</span> <span class='ocrx_word' id='word_1_137' title='bbox 1124 2399 1314 2471; x_wconf 81' lang='lat' dir='ltr'>Romanum</span> <span class='ocrx_word' id='word_1_138' title='bbox 1327 2396 1425 2498; x_wconf 89' lang='lat' dir='ltr'>quin·</span> 
     </span>
     <span class='ocr_line' id='line_1_18' title="bbox 355 2513 1429 2620; baseline 0 -31"><span class='ocrx_word' id='word_1_139' title='bbox 355 2544 419 2620; x_wconf 85' lang='lat' dir='ltr'>que</span> <span class='ocrx_word' id='word_1_140' title='bbox 438 2544 617 2599; x_wconf 77' lang='lat' dir='ltr'>annorum,</span> <span class='ocrx_word' id='word_1_141' title='bbox 635 2513 737 2588; x_wconf 90' lang='lat' dir='ltr'>modo</span> <span class='ocrx_word' id='word_1_142' title='bbox 752 2530 922 2615; x_wconf 81' lang='lat' dir='ltr'>peractum</span> <span class='ocrx_word' id='word_1_143' title='bbox 940 2531 1042 2602; x_wconf 84' lang='lat' dir='ltr'>esset,</span> <span class='ocrx_word' id='word_1_144' title='bbox 1062 2542 1099 2589; x_wconf 81' lang='lat' dir='ltr'>uc</span> <span class='ocrx_word' id='word_1_145' title='bbox 1118 2515 1298 2591; x_wconf 87' lang='lat' dir='ltr'>secundum</span> <span class='ocrx_word' id='word_1_146' title='bbox 1319 2513 1429 2590; x_wconf 85' lang='lat' dir='ltr'>exsilii</span> 
     </span>
    </p>
   </div>
   <div class='ocr_carea' id='block_1_3' title="bbox 353 2630 1431 3430">
    <p class='ocr_par' dir='ltr' id='par_1_3' title="bbox 354 2630 1431 2965">
     <span class='ocr_line' id='line_1_19' title="bbox 356 2630 1427 2735; baseline -0.005 -24"><span class='ocrx_word' id='word_1_147' title='bbox 356 2633 512 2711; x_wconf 78' lang='lat' dir='ltr'>Ovidium</span> <span class='ocrx_word' id='word_1_148' title='bbox 527 2630 669 2707; x_wconf 85' lang='lat' dir='ltr'>lustrum</span> <span class='ocrx_word' id='word_1_149' title='bbox 679 2632 745 2730; x_wconf 85' lang='lat' dir='ltr'>jam</span> <span class='ocrx_word' id='word_1_150' title='bbox 761 2630 870 2704; x_wconf 88' lang='lat' dir='ltr'>iniret.</span> <span class='ocrx_word' id='word_1_151' title='bbox 886 2631 1015 2706; x_wconf 82' lang='lat' dir='ltr'>Transit</span> <span class='ocrx_word' id='word_1_152' title='bbox 1030 2631 1136 2721; x_wconf 88' lang='lat' dir='ltr'>enim,</span> <span class='ocrx_word' id='word_1_153' title='bbox 1150 2631 1211 2721; x_wconf 82' lang='lat' dir='ltr'>ait,</span> <span class='ocrx_word' id='word_1_154' title='bbox 1226 2632 1261 2705; x_wconf 88' lang='lat' dir='ltr'>in</span> <span class='ocrx_word' id='word_1_155' title='bbox 1271 2633 1427 2735; x_wconf 69' lang='lat' dir='ltr'>pmsenti</span> 
     </span>
     <span class='ocr_line' id='line_1_20' title="bbox 354 2746 1431 2849; baseline -0.004 -23"><span class='ocrx_word' id='word_1_156' title='bbox 354 2749 529 2836; x_wconf 81' lang='lat' dir='ltr'>nimirum,</span> <span class='ocrx_word' id='word_1_157' title='bbox 547 2746 821 2849; x_wconf 83' lang='lat' dir='ltr'>nonpraeterito,</span> <span class='ocrx_word' id='word_1_158' title='bbox 839 2763 1009 2849; x_wconf 86' lang='lat' dir='ltr'>tempore,</span> <span class='ocrx_word' id='word_1_159' title='bbox 1026 2762 1144 2845; x_wconf 80' lang='lat' dir='ltr'>tempus</span> <span class='ocrx_word' id='word_1_160' title='bbox 1158 2746 1190 2820; x_wconf 85' lang='lat' dir='ltr'>in</span> <span class='ocrx_word' id='word_1_161' title='bbox 1202 2747 1330 2821; x_wconf 72' lang='lat' dir='ltr'>alentes</span> <span class='ocrx_word' id='word_1_162' title='bbox 1340 2748 1431 2824; x_wconf 70' lang='lat' dir='ltr'>butri</span> 
     </span>
     <span class='ocr_line' id='line_1_21' title="bbox 355 2880 481 2965; baseline -0.008 -26"><span class='ocrx_word' id='word_1_163' title='bbox 355 2880 481 2965; x_wconf 81' lang='lat' dir='ltr'>tempus.</span> 
     </span>
    </p>

    <p class='ocr_par' dir='ltr' id='par_1_4' title="bbox 353 2975 1427 3430">
     <span class='ocr_line' id='line_1_22' title="bbox 406 2975 1425 3077; baseline -0.006 -22"><span class='ocrx_word' id='word_1_164' title='bbox 406 3006 440 3055; x_wconf 87' lang='lat'>2.</span> <span class='ocrx_word' id='word_1_165' title='bbox 453 2978 579 3055; x_wconf 74' lang='lat' dir='ltr'>Eadem</span> <span class='ocrx_word' id='word_1_166' title='bbox 590 2995 705 3052; x_wconf 85' lang='lat' dir='ltr'>nostra</span> <span class='ocrx_word' id='word_1_167' title='bbox 720 2976 883 3051; x_wconf 80' lang='lat' dir='ltr'>sententia</span> <span class='ocrx_word' id='word_1_168' title='bbox 895 2975 1001 3050; x_wconf 82' lang='lat' dir='ltr'>valide</span> <span class='ocrx_word' id='word_1_169' title='bbox 1014 3005 1053 3051; x_wconf 88' lang='lat' dir='ltr'>ex</span> <span class='ocrx_word' id='word_1_170' title='bbox 1065 2978 1197 3066; x_wconf 83' lang='lat' dir='ltr'>Ponto,</span> <span class='ocrx_word' id='word_1_171' title='bbox 1214 2976 1272 3051; x_wconf 87' lang='lat' dir='ltr'>iib.</span> <span class='ocrx_word' id='word_1_172' title='bbox 1285 2979 1347 3066; x_wconf 83' lang='lat' dir='ltr'>lv,</span> <span class='ocrx_word' id='word_1_173' title='bbox 1360 2979 1425 3077; x_wconf 85' lang='lat' dir='ltr'>Ep.</span> 
     </span>
     <span class='ocr_line' id='line_1_23' title="bbox 353 3092 1427 3187; baseline -0.007 -11"><span class='ocrx_word' id='word_1_174' title='bbox 353 3119 444 3187; x_wconf 74' lang='lat' dir='ltr'>tull,</span> <span class='ocrx_word' id='word_1_175' title='bbox 461 3096 691 3182; x_wconf 76' lang='lat' dir='ltr'>confirmatur,</span> <span class='ocrx_word' id='word_1_176' title='bbox 710 3095 772 3169; x_wconf 87' lang='lat' dir='ltr'>etsi</span> <span class='ocrx_word' id='word_1_177' title='bbox 789 3092 829 3167; x_wconf 88' lang='lat' dir='ltr'>cl.</span> <span class='ocrx_word' id='word_1_178' title='bbox 849 3094 1002 3168; x_wconf 87' lang='lat' dir='ltr'>Norisius</span> <span class='ocrx_word' id='word_1_179' title='bbox 1015 3095 1093 3170; x_wconf 92' lang='lat' dir='ltr'>iude</span> <span class='ocrx_word' id='word_1_180' title='bbox 1110 3118 1178 3170; x_wconf 72' lang='lat' dir='ltr'>suu</span> <span class='ocrx_word' id='word_1_181' title='bbox 1193 3122 1299 3170; x_wconf 69' lang='lat' dir='ltr'>causae</span> <span class='ocrx_word' id='word_1_182' title='bbox 1312 3096 1427 3171; x_wconf 86' lang='lat' dir='ltr'>subsi-</span> 
     </span>
     <span class='ocr_line' id='line_1_24' title="bbox 358 3211 1427 3318; baseline -0.005 -25"><span class='ocrx_word' id='word_1_183' title='bbox 358 3219 451 3295; x_wconf 85' lang='lat' dir='ltr'>dium</span> <span class='ocrx_word' id='word_1_184' title='bbox 466 3233 568 3318; x_wconf 82' lang='lat' dir='ltr'>petnt.</span> <span class='ocrx_word' id='word_1_185' title='bbox 587 3213 730 3289; x_wconf 87' lang='lat' dir='ltr'>Ovidius</span> <span class='ocrx_word' id='word_1_186' title='bbox 747 3211 835 3286; x_wconf 89' lang='lat' dir='ltr'>enim</span> <span class='ocrx_word' id='word_1_187' title='bbox 853 3211 977 3286; x_wconf 80' lang='lat' dir='ltr'>ibidem</span> <span class='ocrx_word' id='word_1_188' title='bbox 994 3242 1119 3289; x_wconf 83' lang='lat' dir='ltr'>annum</span> <span class='ocrx_word' id='word_1_189' title='bbox 1135 3212 1242 3289; x_wconf 85' lang='lat' dir='ltr'>exsilii</span> <span class='ocrx_word' id='word_1_190' title='bbox 1255 3213 1427 3289; x_wconf 81' lang='lat' dir='ltr'>manifeste</span> 
     </span>
     <span class='ocr_line' id='line_1_25' title="bbox 359 3327 810 3430; baseline -0.018 -22"><span class='ocrx_word' id='word_1_191' title='bbox 359 3332 510 3430; x_wconf 79' lang='lat' dir='ltr'>designat</span> <span class='ocrx_word' id='word_1_192' title='bbox 524 3358 607 3404; x_wconf 80' lang='lat' dir='ltr'>vers.</span> <span class='ocrx_word' id='word_1_193' title='bbox 628 3327 723 3429; x_wconf 71' lang='lat' dir='ltr'>dpet</span> <span class='ocrx_word' id='word_1_194' title='bbox 742 3328 810 3421; x_wconf 64' lang='lat' dir='ltr'>lpo:</span> 
     </span>
    </p>
   </div>
   <div class='ocr_carea' id='block_1_4' title="bbox 520 3458 1069 3622">
    <p class='ocr_par' dir='ltr' id='par_1_5' title="bbox 520 3458 1069 3622">
     <span class='ocr_line' id='line_1_26' title="bbox 652 3458 1038 3529; baseline -0.002 -15.131"><span class='ocrx_word' id='word_1_195' title='bbox 652 3460 753 3516; x_wconf 80' lang='lat' dir='ltr'>sedme</span> <span class='ocrx_word' id='word_1_196' title='bbox 766 3460 838 3529; x_wconf 78' lang='lat' dir='ltr'>jam,</span> <span class='ocrx_word' id='word_1_197' title='bbox 853 3458 940 3528; x_wconf 76' lang='lat' dir='ltr'>Care,</span> <span class='ocrx_word' id='word_1_198' title='bbox 959 3459 1038 3514; x_wconf 74' lang='lat' dir='ltr'>nivali</span> 
     </span>
     <span class='ocr_line' id='line_1_27' title="bbox 520 3550 1069 3622; baseline -0.005 -15"><span class='ocrx_word' id='word_1_199' title='bbox 520 3556 598 3608; x_wconf 65' lang='lat' dir='ltr'>&amp;tta</span> <span class='ocrx_word' id='word_1_200' title='bbox 613 3552 759 3622; x_wconf 70' lang='lat' dir='ltr'>relegatum</span> <span class='ocrx_word' id='word_1_201' title='bbox 772 3556 859 3605; x_wconf 74' lang='grc' dir='ltr'>θνιιιιι</span> <span class='ocrx_word' id='word_1_202' title='bbox 869 3551 919 3607; x_wconf 76' lang='lat' dir='ltr'>sub</span> <span class='ocrx_word' id='word_1_203' title='bbox 929 3570 975 3605; x_wconf 78' lang='lat' dir='ltr'>ure</span> <span class='ocrx_word' id='word_1_204' title='bbox 988 3550 1069 3606; x_wconf 82' lang='lat' dir='ltr'>videt.</span> 
     </span>
    </p>
   </div>
   <div class='ocr_carea' id='block_1_5' title="bbox 272 3668 1432 4356">
    <p class='ocr_par' dir='ltr' id='par_1_6' title="bbox 272 3668 1432 4120">
     <span class='ocr_line' id='line_1_28' title="bbox 272 3668 1432 3773; baseline -0.003 -26"><span class='ocrx_word' id='word_1_205' title='bbox 272 3686 274 3697; x_wconf 88' lang='lat'>&#39;</span> <span class='ocrx_word' id='word_1_206' title='bbox 360 3671 520 3773; x_wconf 83' lang='lat' dir='ltr'>Superius</span> <span class='ocrx_word' id='word_1_207' title='bbox 547 3686 657 3744; x_wconf 79' lang='lat' dir='ltr'>autern</span> <span class='ocrx_word' id='word_1_208' title='bbox 683 3668 798 3743; x_wconf 88' lang='lat' dir='ltr'>obitus</span> <span class='ocrx_word' id='word_1_209' title='bbox 823 3668 985 3769; x_wconf 75' lang='lat' dir='ltr'>Augusti,</span> <span class='ocrx_word' id='word_1_210' title='bbox 1005 3698 1043 3743; x_wconf 84' lang='lat' dir='ltr'>nc</span> <span class='ocrx_word' id='word_1_211' title='bbox 1068 3668 1287 3744; x_wconf 82' lang='lat' dir='ltr'>successionis</span> <span class='ocrx_word' id='word_1_212' title='bbox 1313 3669 1349 3742; x_wconf 88' lang='lat' dir='ltr'><em>T</em></span> <span class='ocrx_word' id='word_1_213' title='bbox 1345 3668 1432 3743; x_wconf 80' lang='lat' dir='ltr'>iberti</span> 
     </span>
     <span class='ocr_line' id='line_1_29' title="bbox 359 3782 1428 3887; baseline -0.006 -23"><span class='ocrx_word' id='word_1_214' title='bbox 359 3789 558 3864; x_wconf 75' lang='lat' dir='ltr'>mentionem</span> <span class='ocrx_word' id='word_1_215' title='bbox 571 3787 743 3884; x_wconf 82' lang='lat' dir='ltr'>injecerat,</span> <span class='ocrx_word' id='word_1_216' title='bbox 756 3783 796 3856; x_wconf 90' lang='lat' dir='ltr'>de</span> <span class='ocrx_word' id='word_1_217' title='bbox 805 3782 921 3858; x_wconf 87' lang='lat' dir='ltr'>libello</span> <span class='ocrx_word' id='word_1_218' title='bbox 935 3783 1090 3886; x_wconf 84' lang='lat' dir='ltr'>inquens,</span> <span class='ocrx_word' id='word_1_219' title='bbox 1106 3813 1202 3886; x_wconf 87' lang='lat' dir='ltr'>quem</span> <span class='ocrx_word' id='word_1_220' title='bbox 1212 3785 1247 3860; x_wconf 92' lang='lat' dir='ltr'>in</span> <span class='ocrx_word' id='word_1_221' title='bbox 1256 3784 1428 3887; x_wconf 83' lang='lat' dir='ltr'>utriusque</span> 
     </span>
     <span class='ocr_line' id='line_1_30' title="bbox 358 3896 1426 3999; baseline -0.005 -24"><span class='ocrx_word' id='word_1_222' title='bbox 358 3900 489 3976; x_wconf 80' lang='lat' dir='ltr'>laudem</span> <span class='ocrx_word' id='word_1_223' title='bbox 505 3901 622 3975; x_wconf 88' lang='lat' dir='ltr'>Getico</span> <span class='ocrx_word' id='word_1_224' title='bbox 637 3926 788 3973; x_wconf 87' lang='lat' dir='ltr'>sermone</span> <span class='ocrx_word' id='word_1_225' title='bbox 799 3896 991 3999; x_wconf 73' lang='lat' dir='ltr'>scripserat,</span> <span class='ocrx_word' id='word_1_226' title='bbox 1006 3917 1045 3975; x_wconf 90' lang='lat' dir='ltr'>ut</span> <span class='ocrx_word' id='word_1_227' title='bbox 1059 3898 1197 3976; x_wconf 76' lang='lat' dir='ltr'>inferius</span> <span class='ocrx_word' id='word_1_228' title='bbox 1207 3899 1251 3973; x_wconf 84' lang='lat' dir='ltr'>ud</span> <span class='ocrx_word' id='word_1_229' title='bbox 1262 3927 1316 3974; x_wconf 81' lang='lat' dir='ltr'>sn.</span> <span class='ocrx_word' id='word_1_230' title='bbox 1331 3901 1374 3973; x_wconf 91' lang='lat' dir='ltr'>U.</span> <span class='ocrx_word' id='word_1_231' title='bbox 1389 3898 1426 3972; x_wconf 85' lang='lat' dir='ltr'>G.</span> 
     </span>
     <span class='ocr_line' id='line_1_31' title="bbox 360 4014 969 4120; baseline -0.01 -23"><span class='ocrx_word' id='word_1_232' title='bbox 360 4038 550 4105; x_wconf 77' lang='lat' dir='ltr'>ucctxvlt,</span> <span class='ocrx_word' id='word_1_233' title='bbox 567 4016 730 4120; x_wconf 83' lang='lat' dir='ltr'>prolixius</span> <span class='ocrx_word' id='word_1_234' title='bbox 748 4014 969 4091; x_wconf 87' lang='lat' dir='ltr'>ostendemus.</span> 
     </span>
    </p>

    <p class='ocr_par' dir='ltr' id='par_1_7' title="bbox 359 4134 1431 4356">
     <span class='ocr_line' id='line_1_32' title="bbox 410 4134 1430 4244; baseline -0.004 -32"><span class='ocrx_word' id='word_1_235' title='bbox 410 4139 519 4235; x_wconf 76' lang='lat' dir='ltr'>Igitur</span> <span class='ocrx_word' id='word_1_236' title='bbox 534 4135 652 4244; x_wconf 55' lang='lat' dir='ltr'>benis,</span> <span class='ocrx_word' id='word_1_237' title='bbox 670 4163 768 4237; x_wconf 84' lang='lat' dir='ltr'>quam</span> <span class='ocrx_word' id='word_1_238' title='bbox 782 4134 926 4210; x_wconf 86' lang='lat' dir='ltr'>Ovidius</span> <span class='ocrx_word' id='word_1_239' title='bbox 936 4151 1055 4211; x_wconf 74' lang='lat' dir='ltr'>mntem</span> <span class='ocrx_word' id='word_1_240' title='bbox 1072 4136 1125 4212; x_wconf 88' lang='lat' dir='ltr'>sui</span> <span class='ocrx_word' id='word_1_241' title='bbox 1138 4134 1244 4210; x_wconf 79' lang='lat' dir='ltr'>exsilii</span> <span class='ocrx_word' id='word_1_242' title='bbox 1263 4152 1377 4225; x_wconf 80' lang='lat' dir='ltr'>vocnt,</span> <span class='ocrx_word' id='word_1_243' title='bbox 1394 4162 1430 4209; x_wconf 79' lang='lat' dir='ltr'>ea</span> 
     </span>
     <span class='ocr_line' id='line_1_33' title="bbox 359 4249 1431 4356; baseline -0.006 -28"><span class='ocrx_word' id='word_1_244' title='bbox 359 4270 446 4343; x_wconf 82' lang='lat' dir='ltr'>erat,</span> <span class='ocrx_word' id='word_1_245' title='bbox 462 4281 535 4356; x_wconf 80' lang='lat' dir='ltr'>quae</span> <span class='ocrx_word' id='word_1_246' title='bbox 547 4249 693 4350; x_wconf 78' lang='lat' dir='ltr'>Augusti</span> <span class='ocrx_word' id='word_1_247' title='bbox 705 4268 846 4326; x_wconf 88' lang='lat' dir='ltr'>mortem</span> <span class='ocrx_word' id='word_1_248' title='bbox 858 4268 971 4327; x_wconf 82' lang='lat' dir='ltr'>secuta</span> <span class='ocrx_word' id='word_1_249' title='bbox 981 4269 1049 4340; x_wconf 87' lang='lat' dir='ltr'>est,</span> <span class='ocrx_word' id='word_1_250' title='bbox 1067 4250 1103 4326; x_wconf 91' lang='lat' dir='ltr'>id</span> <span class='ocrx_word' id='word_1_251' title='bbox 1118 4267 1183 4340; x_wconf 87' lang='lat' dir='ltr'>est,</span> <span class='ocrx_word' id='word_1_252' title='bbox 1201 4279 1274 4352; x_wconf 68' lang='lat' dir='ltr'>qun</span> <span class='ocrx_word' id='word_1_253' title='bbox 1288 4278 1329 4324; x_wconf 88' lang='lat' dir='ltr'>co</span> <span class='ocrx_word' id='word_1_254' title='bbox 1342 4276 1431 4325; x_wconf 81' lang='lat' dir='ltr'>nuno</span> 
     </span>
    </p>
   </div>
   <div class='ocr_carea' id='block_1_6' title="bbox 0 0 1600 5134">
    <p class='ocr_par' dir='ltr' id='par_1_8' title="bbox 0 0 1600 5134">
     <span class='ocr_line' id='line_1_34' title="bbox 0 0 1600 5134; baseline 0 0"><span class='ocrx_word' id='word_1_255' title='bbox 0 0 1600 5134; x_wconf 95' lang='lat' dir='ltr'> </span> 
     </span>
    </p>
   </div>
  </div>
 </body>
</html>
