3159 5134
300 469 368 553 406
555 469 788 537 NOTITIA
810 463 1111 536 LITERARIA

301 611 443 696 Venetiib,
459 609 616 672 erofficina
626 611 674 672 Jo.
701 609 823 671 Tucuini
835 610 870 669 de
889 609 1005 671 Tsidiuo
1018 609 1170 687 prodisse.
1184 644 1227 658 -
1241 611 1368 687 ΡΜ,

297 724 370 775 tom.
384 713 483 786 VIII,
496 735 560 795 pag.
572 709 643 774 386.

338 817 420 880 Libri
435 819 471 879 de
485 820 606 890 Ponto,
625 839 691 878 cum
706 815 938 877 luculentissimis
961 816 1172 878 commentariis
1191 819 1290 879 Beth.
1302 820 1370 880 Me-

297 917 369 979 rulae
380 916 493 980 noviter
508 918 539 977 io
554 918 648 979 lucem
668 914 798 978 emissis:
814 937 869 978 nec
883 938 945 977 nou
956 914 1172 1001 castigatissima
1183 915 1294 990 tabula,
1306 939 1371 999 quaa

297 1018 394 1082 omnia
406 1016 562 1090 vocabula,
576 1037 675 1080 omnes
690 1015 841 1089 historias,
856 1028 890 1078 et
900 1036 1023 1098 quaeque
1038 1016 1112 1078 scitu
1127 1015 1308 1100 dignissima,
1324 1039 1369 1078 se-

300 1117 425 1178 cundum
449 1113 590 1195 alphabeti
616 1114 745 1178 ordinem
769 1113 987 1197 diligentissime
1009 1115 1220 1193 complectitur.
1245 1118 1280 1176 In
1294 1116 1366 1177 fine:

301 1241 317 1268 a
330 1214 532 1276 Enarratioues
547 1214 578 1273 in
594 1213 730 1275 Ovidium
750 1212 786 1272 de
797 1213 919 1274 Ponto:
935 1213 1079 1290 impressit
1097 1212 1224 1273 Venetiis
1238 1211 1282 1273 vir
1301 1213 1368 1273 dili⁴

301 1313 482 1397 gentissimus
510 1314 637 1373 Joannes
665 1310 701 1371 de
726 1309 871 1383 Tridino,
894 1310 960 1372 alias
986 1311 1140 1372 Tacuinus.
1164 1310 1256 1372 Anno
1276 1311 1370 1372 salutis

301 1414 347 1472 Μ.
364 1413 404 1472 D.
420 1412 506 1486 VII,
528 1409 574 1470 die
588 1431 670 1471 nono
684 1409 788 1469 mensis
803 1409 963 1483 Octobris,
979 1422 1116 1495 regnante
1131 1410 1283 1472 leonardo
1295 1413 1371 1471 Lau-

304 1511 433 1584 redano,
454 1509 584 1588 principe
596 1507 705 1590 inclyto
720 1529 752 1568 ac
768 1507 942 1570 felicissimo.
962 1536 977 1563 s
994 1507 1089 1570 in-Iol.
1099 1509 1272 1582 -Paoser,
1283 1510 1351 1571 ibid.

344 1616 426 1679 Libri
441 1617 476 1679 de
489 1619 607 1691 Ponto,
619 1638 683 1678 cum
698 1614 929 1678 luculentissimis
940 1616 1148 1677 commentariis
1164 1616 1293 1678 Barthol
1309 1620 1372 1678 Me-

303 1715 383 1777 rulae.
403 1717 438 1775 In
454 1714 533 1773 linc:
552 1740 568 1765 α
584 1714 732 1791 Impressit
750 1712 908 1776 Mediolani
927 1713 971 1773 vir
992 1713 1224 1798 diligentissimus
1242 1714 1373 1798 magister

303 1811 470 1873 Leouardus
490 1809 616 1884 Pachel,
632 1831 709 1872 anno
729 1810 850 1873 Domini
872 1811 1025 1886 MDVII,
1051 1810 1096 1871 die
1114 1809 1135 1884 4
1156 1809 1332 1873 Decembris.
1355 1840 1371 1866 »

303 1910 456 1972 in-Iol.-
471 1912 595 1987 Panaca,
610 1922 682 1973 tom.
693 1911 761 1986 xl,
782 1933 847 1995 pag.
870 1908 940 1985 461.

794 2041 881 2104 1508.

342 2173 432 2235 Liber
443 2175 602 2237 Heroidum
618 2174 829 2253 Epistularum,
852 2174 923 2235 liber
938 2173 1090 2252 Sapphus,
1107 2174 1221 2235 libellus
1233 2173 1266 2233 in
1280 2173 1347 2236 Ibin
1361 2218 1370 2249 ‚

304 2291 369 2331 com
383 2271 560 2350 expositione
579 2273 650 2333 Ant.
663 2272 783 2345 Volsci,
795 2270 930 2331 Ubertini
948 2272 1073 2344 Clerici,
1091 2270 1214 2332 Domitii
1227 2270 1373 2333 Calderioi

304 2384 334 2431 et
348 2372 454 2433 dodoci
470 2373 552 2434 Badii
573 2371 757 2456 singularium
775 2373 972 2450 interpretum.
989 2373 1124 2450 Lugdasni
1132 2417 1143 2446 ,
1155 2394 1208 2454 per
1225 2372 1374 2433 Cluvidieno

305 2470 437 2544 Durost,
453 2474 528 2531 alius
538 2472 572 2530 de
588 2471 700 2550 Troyes.
712 2471 868 2531 MDVIII.
884 2471 1137 2545 imit-Panum,
1148 2483 1171 2530 t.
1182 2472 1257 2545 Vll,
1267 2494 1297 2549 p.
1306 2493 1374 2555 ²9⁰·

344 2571 495 2629 Fastorum
509 2568 591 2642 libri,
608 2591 672 2628 cum
682 2580 837 2629 comment.
851 2568 923 2628 Ant.
935 2568 1099 2630 Constantii
1109 2570 1245 2631 Fanensis
1257 2582 1286 2631 et
1296 2571 1376 2631 Pauli

305 2668 411 2741 Marsi,
428 2690 546 2729 censore
563 2667 691 2729 Barthol.
709 2666 828 2728 Merula.
851 2670 886 2726 In
901 2667 959 2726 fine
976 2687 984 2724 ε
1005 2694 1021 2719 «
1037 2670 1209 2745 Impressum
1226 2669 1373 2744 Venetiis,

304 2789 355 2847 per
371 2771 512 2830 Ioannem
534 2767 692 2827 Tacuinum
708 2767 743 2827 de
758 2765 891 2826 Tridino.
916 2766 1085 2841 MDVIII,
1117 2766 1161 2827 die
1178 2784 1228 2828 1111
1245 2767 1334 2829 Junii.
1350 2794 1367 2823 n

304 2866 445 2928 in-lol.-
455 2869 577 2940 Pauaer,
594 2879 666 2928 tom.
678 2867 778 2940 VIII,
797 2887 861 2950 pag.
878 2862 947 2949 391.

345 2969 410 3030 Juc.
438 2966 598 3026 Constantii
616 2963 752 3026 Fanensis
770 2964 1012 3026 collectaneorum
1029 2965 1190 3051 hecatostys
1213 2964 1371 3048 primasio

306 3065 370 3125 Ibin
386 3063 485 3126 Ovidii
502 3062 664 3123 sarritiones
680 3062 922 3126 annotationum:
937 3058 968 3123 in
985 3064 1110 3146 ejusdem
1128 3062 1373 3140 Metamorphoses

303 3175 461 3225 assumente
476 3161 705 3225 annotationum.
721 3163 867 3244 impressa
884 3164 963 3223 Fani
970 3165 1007 3222 ab
1018 3164 1136 3225 Hieron.
1147 3164 1276 3224 Saucius.
1286 3161 1373 3236 init

305 3263 428 3325 -Bibh
444 3261 589 3324 Emtincb.
608 3264 643 3322 P.
660 3257 719 3336 IV,
735 3284 799 3345 pag.
820 3261 893 3341 152,
909 3285 939 3323 n.
956 3260 1027 3347 903.

797 3394 884 3477 1509.

344 3529 391 3589 De
408 3528 481 3590 Arte
493 3525 617 3587 Amandi
633 3537 663 3586 et
677 3526 713 3588 de
722 3524 863 3588 Remedio
875 3525 1008 3600 Am0ris,
1026 3530 1090 3586 curis
1107 3536 1261 3587 comment.
1273 3524 1371 3585 Barth.

304 3630 434 3691 Merulae.
450 3633 485 3691 In
501 3628 558 3688 fine
574 3650 582 3687 ι
602 3653 617 3683 α
635 3627 781 3702 Venetiis,
795 3650 846 3707 per
857 3631 999 3690 Ioannem
1009 3627 1168 3690 Tacuinom
1181 3627 1216 3687 de
1229 3626 1371 3702 Tridino,

304 3727 434 3799 MDIX,
447 3725 492 3784 die
503 3741 560 3786 ΧΠ
573 3723 734 3805 Septembr.
746 3751 762 3780 s
777 3724 876 3787 iu-Iol.
888 3726 1061 3799 -Panaer,
1077 3736 1149 3786 tom.
1158 3725 1249 3798 VIII,
1258 3748 1287 3802 p.
1300 3721 1371 3808 397.

346 3824 586 3903 Metamorphosis
603 3846 668 3885 cum
683 3823 915 3886 luculentissimis
929 3825 1028 3906 Raph.
1037 3823 1123 3906 Regii
1138 3823 1372 3887 enarrationibus.

307 3927 343 3987 ln
356 3925 413 3984 fine
429 3949 439 3986 ι
458 3951 473 3978 α
484 3925 574 4002 Apud
585 3924 746 4008 Georgium
762 3923 797 3985 de
818 3922 1002 3986 Rusconibns
1017 3923 1258 3986 Mediolanensem
1272 3925 1371 3984 Vene-

301 4023 369 4100 tiis,
384 4024 430 4084 die
446 4041 470 4084 11
482 4023 550 4086 Maii
559 4024 682 4084 MDIX.
696 4050 712 4078 »
725 4022 830 4085 ira-iol.
847 4045 911 4086 curn
925 4024 973 4107 fig.
986 4057 1027 4072 -
1039 4027 1165 4099 Pane,
1183 4035 1256 4088 tom.
1272 4023 1369 4097 VIII,

303 4123 582 4306 pagMeididorphosis
597 4223 742 4287 moraliter
756 4246 773 4288 a
785 4225 924 4309 magistro
936 4228 1051 4318 'Thoma
1060 4224 1184 4289 VVallsis
1195 4268 1209 4302 ,
1223 4223 1367 4310 Anglico,
