3159 5134
284 593 288 604 ·
362 591 367 601 ‹
393 549 463 618 DE
490 549 529 616 P.
559 548 756 618 OVIDIO
778 546 997 627 NASONE.
1164 549 1229 616 385

202 692 249 753 De
259 689 362 751 Vetula
372 688 438 750 libri
454 690 511 750 111.
525 686 880 773 Lubeca.-Maitt·pag.
897 686 955 770 307
968 711 977 759 3
991 688 1153 764 Fabricius,
1170 689 1190 749 l.
1207 713 1234 750 e.

162 790 253 852 Confi
268 789 303 850 ed
319 811 389 850 sun.
405 787 500 882 1470.Ι
1011 811 1015 819 ’

656 892 748 978 147²·⁴

204 1027 463 1109 Metamorphoses·
486 1027 609 1089 Venetiis
625 1047 678 1108 per
692 1026 833 1086 Jacolum
849 1025 979 1087 Rubeum
1000 1028 1112 1087 natione
1137 1027 1236 1088 Gotti-

164 1156 248 1208 cum,
263 1132 365 1194 in-lol.
378 1133 519 1195 -Denis
536 1132 637 1211 Suppl.
649 1154 712 1214 pag.
733 1128 771 1192 16
781 1154 789 1204 3
801 1133 922 1209 Punzer,
940 1145 1012 1194 tom.
1029 1134 1096 1209 111,
1111 1156 1174 1221 pag.
1184 1156 1236 1219 9²·

207 1232 379 1295 Consolatio
389 1232 422 1293 ad
434 1232 562 1306 Liviam,
578 1254 644 1293 cum
656 1231 781 1294 Ausonii
803 1233 1046 1318 Epigrammatum
1063 1235 1165 1311 libris,
1182 1248 1237 1297 etc.

167 1334 309 1408 Venatio,
325 1329 424 1393 in-lol.
440 1329 509 1390 min.
527 1352 550 1391 s.
566 1354 595 1391 n.
610 1342 729 1414 typogr.
753 1366 795 1381 -
815 1333 909 1394 Illsitt.
929 1345 1001 1395 tom.
1017 1334 1047 1409 l,
1071 1355 1134 1420 pag.
1159 1332 1238 1408 3153

166 1434 289 1509 Ponser,
307 1443 379 1494 tom·
397 1432 464 1504 111,
482 1450 546 1516 pog-
568 1452 618 1515 9²·

661 1560 748 1650 1473.

209 1697 350 1775 Epistolae
375 1696 542 1770 Heroides,
561 1719 626 1757 cum
644 1696 727 1757 Junii
749 1694 896 1756 Iuvenalis
913 1693 1030 1778 Satyris.
1050 1696 1085 1755 In
1102 1695 1158 1756 line
1176 1698 1241 1757 He-

167 1797 283 1860 roidum
299 1819 306 1855 :
324 1824 339 1849 u
358 1795 486 1878 Explicit
497 1793 568 1857 liber
583 1793 682 1856 Ovidii
698 1792 902 1872 Epistularum.
925 1793 960 1852 In
974 1793 1078 1853 Monte
1093 1795 1198 1878 regali:
1210 1797 1241 1856 in

168 1896 255 1975 plano
269 1893 348 1958 volis.
364 1895 420 1954 Per
437 1892 600 1955 Antonium
615 1892 733 1954 Mathiae
750 1892 894 1974 quondam
916 1891 1042 1954 Andreae
1059 1914 1066 1951 :
1091 1894 1126 1954 de
1146 1895 1242 1956 Antu-

170 1993 277 2072 uerpis.
309 1994 349 2053 Et
379 1991 547 2054 Baldisalem
583 1990 813 2075 Corderiumque
844 1990 963 2053 socium.
997 1993 1088 2055 Anno
1120 1996 1243 2057 Domini

171 2093 214 2152 Μ.
238 2089 359 2152 0000.
376 2089 531 2162 LXXIII,
548 2088 594 2149 die
605 2090 709 2168 XVIII
725 2088 831 2152 mensis
848 2090 1003 2152 Februarii.
1013 2118 1029 2147 s
1054 2091 1155 2153 in-fol.
1169 2093 1241 2154 min.

170 2226 214 2240 -
229 2192 402 2264 crevenni,
423 2201 495 2251 tom.
513 2190 747 2274 lll,pag.219;
769 2191 894 2264 Pansa,
911 2203 983 2252 tom.
998 2193 1050 2266 II,
1068 2214 1131 2276 pag.
1153 2190 1220 2270 146.

564 2375 566 2380 ,
662 2319 751 2405 1474.

215 2456 339 2529 Veneta,
353 2455 379 2529 1,
392 2454 538 2532 Operum,
551 2476 568 2515 2
580 2452 639 2515 vol.
649 2451 744 2515 iu-lol.
763 2453 798 2512 ln
806 2453 864 2514 fine
878 2476 913 2532 ³.“
925 2455 1117 2538 Hujusopem
1127 2454 1240 2531 omnis,

173 2553 273 2615 Medea
295 2564 437 2631 exceptu:
463 2564 492 2612 et
514 2551 677 2640 Triumpho
701 2551 821 2613 Caesaris
847 2574 854 2611 :
880 2563 909 2611 et
932 2552 1030 2615 libello
1048 2552 1100 2614 illo
1122 2553 1248 2616 Pontica.

171 2653 269 2738 lingua
278 2652 441 2731 composito
459 2674 467 2710 ε
485 2673 549 2732 quse
561 2648 670 2712 incuria
683 2662 845 2728 temporum
857 2650 1021 2734 perierunt:
1040 2651 1165 2714 Jacobus
1176 2654 1241 2712 Ilu-

172 2754 241 2817 beus
253 2800 263 2833 ‚
273 2753 391 2815 natione
405 2750 546 2837 gallicus,
564 2750 769 2811 honestissimo
787 2751 854 2814 loco
875 2765 956 2812 nutus
977 2753 1011 2813 sd
1025 2753 1176 2815 utilitatem
1193 2753 1239 2815 vi·

171 2856 299 2922 nentium
317 2874 451 2914 necnon
463 2863 686 2929 etposterorum
701 2849 853 2927 impressit.
872 2850 994 2912 Nicolso
1012 2851 1149 2913 Marcello
1168 2851 1240 2913 duce

171 2958 280 3041 tnctyu
294 2952 486 3016 ventosum.
503 2952 545 3012 u.
558 2949 678 3012 cccc.
693 2951 831 3012 nxxw.
849 2978 865 3006 .

306 3106 570 3167 CALPIIUIINII
595 3105 770 3159 clutton
796 3107 850 3158 Ao
874 3105 1106 3160 LECTOREM.

336 3248 447 3318 Perlege
464 3247 576 3302 Nasonis
587 3244 676 3300 divina
688 3255 810 3315 poemat·
825 3245 909 3301 lector

367 3332 508 3385 Musarum
521 3330 565 3400 qui
578 3329 616 3382 vis
628 3327 746 3382 sontibus
757 3349 812 3383 esse
823 3348 903 3383 sacer.

335 3416 388 3472 Hie
399 3414 472 3469 dedit
483 3414 515 3468 ad
527 3412 641 3483 reliquos
651 3411 807 3481 compendia
817 3431 922 3466 summa
933 3423 1021 3482 poeta

369 3501 443 3556 Iovia
455 3501 500 3570 qui
510 3498 610 3570 primus
621 3517 669 3568 per
681 3496 736 3551 loca
747 3497 809 3551 lecit
820 3498 877 3550 iter.

338 3586 460 3655 Corpora
472 3593 512 3637 ter
522 3582 604 3652 quino
615 3591 716 3635 mutata
727 3578 861 3634 solumiue
873 3580 965 3648 finxit,

369 3667 451 3724 Unde
463 3666 521 3721 lere
532 3675 571 3720 est
580 3666 667 3719 omnis
679 3663 767 3717 sabula
778 3673 842 3716 nota
853 3663 908 3717 tibi.

339 3752 453 3806 Alterno
465 3759 569 3804 teneros
582 3748 630 3803 tihi
640 3748 757 3803 carmine
770 3748 831 3802 lusit
844 3767 964 3802 amores:

369 3833 530 3902 &novitque
543 3851 590 3888 sus
603 3832 713 3886 vulnero
724 3830 791 3887 lucta
806 3850 896 3885 manu.

340 3918 445 3974 Coesare
458 3918 624 3972 deuinctum
637 3916 751 3986 geticum
766 3916 895 3986 relegatus
906 3918 934 3971 in
946 3919 1040 3974 orbem

370 4000 529 4071 Composuit
542 4001 653 4068 Festos,
666 4000 799 4070 exsiliique
812 4001 930 4057 modum.

340 4088 393 4144 Sed
408 4088 536 4159 dignum,
557 4085 614 4141 hnc
623 4087 728 4140 Veneto
740 4086 786 4156 qui
796 4086 900 4156 gallicus
912 4089 977 4145 urbe
989 4090 1095 4161 jacobus

373 4173 526 4244 Impressit,
543 4171 616 4224 miros
628 4169 746 4225 condidit
757 4171 820 4224 artis
832 4191 906 4241 opus.

214 4289 339 4359 uum,
355 4299 429 4348 tom.
446 4287 493 4347 Ill
505 4329 515 4361 ‚
527 4306 591 4368 pag.
611 4280 677 4354 104.

295 4400 329 4466 V
328 4399 408 4467 111.
1025 4403 1068 4468 25
