3159 5134
400 557 462 641 114
717 561 755 624 r.
788 559 968 628 ov1n11
1003 559 1136 630 uma

393 698 545 784 hemum,
557 696 705 800 scripsit;
715 697 775 771 ubi
785 698 902 774 doctus
912 698 968 775 ille
977 700 1037 789 vir,
1051 729 1121 775 non
1129 700 1297 777 inficiante
1312 703 1459 792 Granio,

394 812 430 884 in
447 811 617 887 nonnullis
633 812 754 886 rectius
770 813 879 887 sentit.

500 1099 583 1152 Anno
594 1110 654 1153 ante
668 1097 701 1154 C.
712 1114 807 1164 mm
820 1100 857 1154 U.
869 1097 902 1152 C.
914 1112 1063 1165 neormam
1081 1098 1173 1155 Ovidii
1185 1117 1234 1155 xer
1245 1111 1273 1155 et
1285 1117 1352 1156 run.

437 1238 470 1294 C.
489 1237 649 1295 CAESARE
667 1237 897 1295 OCTAVIANO
915 1240 990 1309 vll,
1009 1241 1049 1296 M.
1067 1239 1233 1297 AGRIPPA
1250 1241 1292 1297 111
1310 1239 1414 1299 COSS.

443 1389 469 1460 l.
497 1387 618 1483 QUUM
631 1412 671 1460 cx
681 1383 748 1460 illis
757 1385 799 1460 ad
807 1385 1010 1487 superiorem
1023 1415 1147 1461 annum
1163 1386 1321 1462 discussis
1330 1404 1460 1487 pateat,

397 1502 555 1578 Ovidium
573 1532 633 1593 eo,
651 1500 701 1578 vel
720 1531 884 1578 summum
901 1502 967 1577 hoc
984 1531 1091 1592 anno,
1108 1520 1207 1604 ιοὸαηι
1222 1503 1368 1578 induisse
1382 1504 1465 1578 viri·

395 1618 473 1703 lem,
495 1615 572 1690 licet
588 1615 654 1689 huc
666 1616 787 1692 referre
805 1645 878 1718 que
894 1617 934 1693 de
948 1618 1064 1693 Nostri
1080 1636 1160 1719 post
1171 1618 1378 1719 pubertatem
1390 1636 1466 1693 stu·

394 1733 458 1808 diis
473 1733 636 1808 novimus.
669 1733 743 1807 Etsi
769 1761 847 1809 vero
869 1751 998 1835 patera
1015 1737 1188 1810 Musarum
1213 1733 1325 1809 inutili
1348 1734 1462 1809 studio

391 1878 531 1952 puerum
554 1850 621 1923 lere
639 1850 867 1936 deterruisset,
885 1867 924 1923 ut
945 1865 1007 1925 toto
1021 1851 1171 1926 Helicone
1191 1853 1312 1940 tebias,
1338 1855 1463 1929 Noster

393 1967 534 2042 scrihere
544 1983 718 2041 conaretur
726 1965 824 2039 verbo
832 1965 934 2039 soluto
940 1964 1051 2053 arod&
1059 1967 1296 2068 attamemipso
1307 1986 1462 2044 canente:

556 2114 657 2184 Sponte
668 2134 716 2168 sua
727 2132 833 2169 carmen
847 2133 975 2169 numeros
986 2115 1108 2170 veniebat
1119 2115 1251 2186 adaptas:

593 2198 645 2266 Er,
658 2196 730 2267 quod
744 2196 862 2252 tentabat
874 2197 977 2268 dicere,
991 2218 1080 2253 versus
1092 2211 1156 2254 erat.

393 2320 481 2394 Hine
498 2316 583 2392 nihil
600 2318 741 2403 mirum,
764 2317 793 2392 si
810 2316 912 2392 libera
925 2318 992 2416 jam
1008 2336 1085 2413 toga
1100 2317 1255 2408 indutus,
1268 2319 1311 2394 ad
1326 2317 1463 2394 delicias

395 2435 506 2510 statim
524 2432 659 2508 redierit
676 2462 684 2520 ;

558 2580 734 2650 induiturque
747 2578 866 2634 humeris
878 2599 940 2635 cum
952 2580 1005 2635 lato
1017 2599 1134 2652 purpure
1144 2579 1231 2635 clavo:

594 2666 629 2720 Et
641 2670 750 2719 stadius
762 2666 855 2733 nobie,
868 2664 939 2735 quod
950 2663 1004 2719 tote
1015 2675 1077 2719 ante
1088 2701 1096 2730 ‚
1108 2673 1198 2718 mut.

445 2789 488 2860 ll.
515 2783 630 2860 Nihilo
649 2800 757 2858 tamen
773 2783 884 2857 minus
900 2785 990 2858 Naso
1009 2801 1137 2872 noster,
1156 2810 1220 2885 pro
1235 2779 1465 2860 adolescentu-

398 2905 505 2981 lorum
518 2904 571 2979 his
584 2901 791 3004 temporibus
804 2901 1061 2996 consuetudine,
1076 2901 1247 2976 rhetorice
1258 2902 1467 3003 professores

398 3024 537 3109 audivit,
554 3050 593 3095 ac
609 3019 903 3096 declamationibus
919 3046 957 3096 se
971 3020 1007 3094 in
1023 3047 1135 3094 eornm
1156 3017 1278 3095 scholis
1295 3022 1466 3110 exercuit,

399 3141 449 3215 uti
465 3167 528 3213 nos
545 3137 669 3212 Seneca
686 3154 781 3237 pater
797 3134 930 3224 docuit,
950 3134 1009 3208 lib.
1028 3135 1078 3224 11,
1097 3136 1253 3210 Contrua.
1274 3159 1335 3223 ro,
1348 3136 1409 3210 ubi
1422 3137 1469 3212 de

397 3254 607 3356 jurejurando
624 3253 732 3328 mariti
750 3270 784 3326 et
801 3252 916 3327 uxoris
931 3281 1055 3349 agens:
1075 3287 1092 3319 a
1109 3253 1221 3341 Hanc,
1239 3252 1305 3342 ait,
1324 3272 1468 3330 contro·

402 3411 419 3441 »
439 3374 575 3448 versiam
588 3372 721 3445 memini
733 3397 785 3443 me
798 3370 904 3446 videre
916 3370 1075 3446 Nassum
1089 3368 1270 3446 declamare
1285 3372 1375 3471 apud
1386 3374 1467 3448 rhe-

402 3524 419 3554 »
440 3509 544 3562 torem
552 3485 708 3560 Arellium
718 3484 759 3558 F
754 3511 873 3569 mcor,
889 3483 983 3580 cujus
992 3482 1125 3560 auditor
1134 3484 1207 3558 fuit
1221 3488 1303 3558 Nam
1316 3485 1469 3561 Latrones

404 3640 420 3670 »
440 3603 620 3677 admirator
644 3618 731 3698 erat,
756 3628 858 3702 quum
871 3599 1035 3700 diversum
1052 3618 1245 3702 sequeretur
1258 3599 1387 3682 dicendi
1404 3629 1468 3698 ge·

405 3757 421 3785 u
441 3721 526 3809 uus3
550 3719 694 3795 babebat
710 3718 796 3793 eninr
819 3717 1062 3806 inscensum,
1086 3737 1120 3791 et
1144 3718 1262 3794 decens
1278 3735 1311 3792 et
1325 3719 1472 3796 amabile

405 3871 422 3900 o
443 3837 620 3932 ingenium.
631 3837 750 3938 Oratio
760 3835 902 3934 ejusjana
913 3853 983 3909 tum
998 3832 1082 3909 nibil
1093 3833 1183 3910 aliud
1198 3852 1327 3936 poterat
1339 3834 1471 3928 videri,

408 3986 424 4015 o
445 3981 543 4052 quarn
561 3952 706 4028 solutum
731 3981 870 4027 carmen.
893 3950 989 4028 Adeo
1004 3970 1114 4026 antem
1131 3951 1278 4028 studiose
1298 3950 1474 4030 hermas

408 4104 424 4132 ι»
446 4067 588 4157 audivit,
606 4086 643 4142 ut
655 4067 774 4143 multas
788 4070 858 4168 ejus
871 4068 1048 4142 sententias
1060 4068 1096 4141 in
1107 4097 1221 4144 versus
1233 4094 1312 4142 suos
1324 4084 1475 4142 transtu·

409 4218 425 4249 »
446 4182 530 4257 lerit.
545 4187 585 4257 ln
598 4213 762 4258 armorum
777 4183 901 4285 judicio
916 4184 1042 4258 dixerat
1053 4179 1176 4283 Latro:
1192 4185 1368 4262 Mitumus
1375 4211 1473 4258 mma

409 4335 426 4365 2>
447 4302 480 4373 in
496 4302 625 4388 hostes,
643 4320 674 4375 et
691 4318 855 4402 potamum
873 4303 963 4377 Naso
977 4300 1082 4375 dixit:
1147 4345 1152 4356 ι
