3159 5134
363 436 446 557 ’,οε
703 491 743 555 r.
776 488 954 558 ov1o11
981 489 1114 557 vrrs

380 631 474 718 uari,
499 656 598 730 quam
626 628 768 704 Ovidius
791 630 828 702 iu
846 629 1069 705 Samothracia
1090 659 1207 733 rursus
1229 633 1397 725 ascendit,
1414 655 1452 710 ut

378 747 539 821 Thracica
555 763 682 848 peteret
696 745 815 831 litora,
831 773 891 847 per
917 746 1087 823 Bistonias
1105 776 1208 849 aquas
1223 749 1452 847 navigaturus,

380 862 461 937 dnm
476 862 576 937 altera
593 854 686 938 uaris
702 880 773 937 erat
787 863 934 936 Pontum
951 862 1089 938 aditura.
1116 876 1167 940 2⁰.
1194 867 1323 942 Exinde
1339 885 1451 970 patet,

381 979 467 1054 hanc
477 979 629 1076 Elegiam
641 1009 661 1053 a
671 982 797 1054 Nostro
806 979 1052 1067 concinnatam,
1069 1010 1171 1082 quum
1184 982 1376 1059 adhucdum
1387 1013 1453 1059 rer·

380 1114 509 1171 caretur
524 1096 560 1169 in
578 1093 633 1169 illa
651 1093 778 1182 insula,
805 1123 879 1195 qua
902 1094 1092 1202 Tyndaridis
1100 1096 1274 1197 sturmus,
1298 1100 1366 1175 hoo
1380 1116 1451 1186 est,

382 1214 515 1290 Castori
531 1231 566 1288 et
583 1211 713 1287 Polluci
728 1229 917 1287 consecrata
934 1211 1008 1287 soit.

430 1330 493 1402 lll.
511 1327 636 1401 Exsilr‘i
644 1354 747 1427 porro
764 1327 863 1401 Ιοιιιηι
878 1326 1021 1400 Ovidius
1037 1327 1150 1402 eadem
1163 1326 1278 1425 Elegia
1289 1329 1390 1404 nohis
1403 1330 1452 1403 in-

382 1441 491 1530 dicat,
509 1441 574 1515 hoc
592 1469 655 1542 pro
672 1440 815 1515 secunda
826 1441 902 1515 navi
919 1441 1202 1531 votumsondens,
1215 1470 1262 1516 vs.
1278 1444 1322 1538 41
1339 1462 1374 1518 et
1385 1445 1454 1537 4²²

545 1590 571 1644 Α
583 1588 677 1658 quibua
688 1588 810 1643 adsemel
821 1588 968 1643 Mrunm
977 1607 1065 1660 coepes
1075 1588 1109 1643 ad
1120 1604 1222 1644 unu

581 1678 690 1734 Oilensi
703 1698 756 1750 quc
768 1698 812 1733 me
823 1678 951 1751 compulit
960 1679 999 1734 ira
1012 1679 1073 1733 Dei.

386 1799 502 1876 Tomos
518 1799 673 1874 nimirum
696 1797 873 1894 indigitare
893 1794 1019 1884 voluit,
1039 1815 1079 1872 ut
1093 1826 1133 1875 ex
1154 1797 1214 1873 lib.
1234 1800 1305 1889 111,
1324 1797 1378 1874 El.
1399 1820 1456 1889 la,

264 1968 268 1979 ι
384 1922 514 2026 liquet:
529 1923 590 1997 nbi
608 1920 759 1996 eumdem
774 1919 888 1997 locum
905 1919 1115 2009 describens,
1134 1920 1201 2009 ait,
1220 1950 1303 1997 veru
1319 1918 1382 1995 3-6
1397 1954 1405 1996 :

547 2069 610 2123 Huc
622 2087 725 2139 quoque
738 2069 830 2121 rotro
839 2066 910 2121 misci
922 2084 1020 2122 venere
1032 2069 1132 2130 coloni,

581 2160 668 2230 Inque
676 2158 752 2212 Getis
765 2156 858 2211 Graiae
868 2157 1029 2212 constituere
1043 2155 1144 2211 domoc.

551 2249 606 2304 Sed
619 2265 709 2304 varos
720 2247 781 2301 huic
793 2263 910 2314 nourr,
921 2247 1057 2318 penitaque
1067 2251 1195 2318 antiquas
1203 2252 1279 2311 urbe,

583 2328 695 2396 Cohstat
707 2339 739 2395 ab
753 2342 863 2409 Absyrti
871 2338 941 2394 caede
953 2339 1032 2395 luisse
1042 2379 1050 2407 ,
1062 2339 1129 2395 loco.

378 2460 532 2548 Deinde,
551 2459 686 2532 recitata
702 2456 806 2556 hujus
821 2455 955 2559 Atym·
977 2454 1114 2546 fabula,
1143 2456 1313 2558 quomodo
1336 2484 1454 2561 nempe

384 2580 502 2656 Medea
515 2605 612 2653 soror
625 2603 700 2650 eum
711 2573 926 2661 interfecerit,
945 2601 983 2648 ac
1000 2573 1127 2648 divulsa
1143 2576 1215 2674 ejus
1234 2573 1379 2650 membra
1395 2604 1455 2678 per

385 2726 484 2795 agros
503 2694 729 2797 dissipaverit,
746 2692 839 2767 addit
853 2719 937 2767 vers.
958 2688 1005 2763 33
1022 2709 1055 2765 et
1071 2692 1141 2786 34:

547 2841 616 2898 lude
628 2841 722 2896 Toms
737 2840 821 2894 dictus
831 2838 903 2893 locus
914 2837 974 2903 δῖος
991 2838 1053 2909 quia
1063 2837 1150 2893 l'ertoe
1161 2838 1190 2893 in
1202 2838 1247 2893 illo

581 2932 704 2987 Membra
715 2950 791 2986 soror
802 2930 891 2983 tranis
902 2935 1061 2984 consecrare
1072 2928 1120 2983 eui.

383 3052 499 3128 Graece
516 3076 593 3123 vcro
611 3075 716 3124 roura
740 3046 774 3119 in
791 3044 984 3142 vulgaribus
1001 3045 1096 3121 libris
1119 3045 1277 3119 Straboni
1303 3055 1311 3086 ¹
1334 3046 1453 3122 dicitur

378 3198 420 3244 ac
439 3166 657 3245 Constantino
675 3164 975 3266 Porphyrogeueta
991 3172 1023 3251 ²3
1041 3163 1102 3236 etsi
1118 3162 1207 3265 apud
1222 3160 1317 3237 illum
1333 3162 1452 3261 legisse

382 3282 531 3357 videatur
552 3281 741 3382 Stephanus
764 3303 920 3364 ronuta,
939 3276 1026 3350 sicut
1040 3278 1107 3376 jam
1130 3274 1171 3349 cl.
1193 3276 1265 3351 Nic.
1293 3277 1452 3353 Heinsius

383 3399 576 3476 observarit.
595 3399 685 3473 Huic
701 3397 802 3473 etiam
818 3394 955 3469 lectioni
972 3392 1085 3494 potins
1101 3392 1211 3469 lavent
1231 3395 1392 3482 Nummi,
1417 3395 1451 3469 in

382 3514 507 3618 quibus
521 3543 608 3616 eaepe
629 3514 787 3611 gignendi
804 3541 882 3587 casu
897 3536 1035 3586 concor
1050 3510 1145 3584 urbis
1162 3537 1284 3584 nomen
1299 3510 1452 3607 signatur

382 3662 458 3707 cum
474 3629 696 3734 metropoleos
708 3630 869 3725 dignitate
882 3660 891 3701 ε
904 3654 1055 3727 necron.
1076 3655 1223 3705 norror.
1236 3655 1390 3705 rotrude.
1407 3633 1452 3705 At

381 3749 418 3822 in
433 3746 508 3822 aliis
524 3746 645 3845 gentile
662 3775 784 3822 nomen
802 3744 944 3840 legitur,
958 3768 1141 3836 rourum,
1167 3777 1226 3824 sen
1251 3774 1449 3837 ronanam

379 3863 658 3964 queruaclmodum
678 3881 710 3936 et
726 3864 851 3936 Noster
866 3860 967 3937 latine
980 3882 1136 3938 Tottttas
1148 3864 1260 3938 habet.

432 3977 523 4052 Urbs
542 3996 650 4052 antem
666 3975 741 4067 illa,
762 3976 864 4053 Tottt
886 4004 1024 4053 numero
1045 3975 1168 4080 plurali
1190 3978 1282 4082 apud
1303 3977 1448 4054 Plinium

417 4169 426 4199 ¹
444 4163 542 4235 Geogr.
554 4164 597 4221 lib.
612 4164 676 4220 vlt.

414 4258 427 4289 ²
442 4255 499 4311 Lib.
513 4256 556 4323 ll,
573 4255 694 4312 Themat
706 4271 736 4309 ιι,
