3159 5134
460 554 560 622 PER
585 556 618 620 J.
644 552 874 621 MASSON.
1139 553 1203 618 213

129 696 257 800 'qrribus
274 692 486 768 manifestum
512 692 644 790 quidem
671 712 739 782 est,
756 692 950 778 Tiberium,
969 690 1010 765 de
1029 691 1205 765 Germania

128 816 196 914 jam
216 811 438 912 triumphata,
460 828 559 911 atque
585 811 682 885 etiam
708 811 749 885 de
767 811 842 909 ejus
865 807 1024 912 triumphi
1042 808 1207 884 manubiis
1283 888 1287 897 ,

132 930 235 1025 adem
252 926 447 1002 Concordiae
463 926 698 1002 construxisse.
714 929 761 1002 At
774 954 852 1001 vero
865 926 935 1000 haec
948 942 1028 1000 sunt
1040 924 1081 999 de
1097 926 1209 999 trium·

134 1045 203 1146 pho
217 1042 453 1140 intelligenda,
467 1071 565 1145 quem
577 1042 633 1119 ille
647 1042 803 1146 pluribus
816 1060 891 1118 ante
904 1042 973 1117 haec
985 1041 1081 1115 annis
1091 1040 1207 1126 ducto,

134 1159 325 1236 seilicetan.
341 1162 384 1234 U.
401 1160 439 1233 C.
455 1178 646 1248 ltcexuvn,
665 1189 733 1262 quo
745 1160 886 1262 ipsemet
903 1186 976 1232 oum
993 1158 1115 1232 Pisone
1127 1182 1210 1230 eon-

134 1276 186 1351 snl
204 1278 347 1365 iterum,
366 1278 514 1379 ipsisque
532 1276 672 1351 kalendis
685 1277 850 1351 Januan'rk
866 1275 1009 1375 ternplum
1028 1271 1210 1349 Concordia

134 1392 251 1465 sibimet
272 1392 335 1492 ipsi
353 1392 544 1492 reficiendum
567 1392 721 1494 rirsiraxit,
744 1407 779 1466 ut
802 1420 858 1466 suo
873 1407 904 1465 et
922 1389 1028 1465 Drusi
1043 1385 1210 1462 nomrireid
1249 1488 1251 1492 Α
1275 1381 1281 1393 i

134 1509 321 1596 rirscn‘berct,
338 1537 376 1582 oc
392 1507 724 1609 deindetriumphorit,
745 1527 899 1584 narrante
920 1517 928 1547 ¹
948 1508 1068 1581 Dione.
1088 1505 1207 1578 Sueto-

135 1626 211 1701 nius
227 1654 306 1723 ergo.
321 1625 452 1700 videtur
467 1626 552 1701 duos
570 1624 773 1700 eoniirndere
785 1625 912 1700 Tiberii
927 1625 1124 1726 triumphos.
1140 1621 1208 1698 Sed

138 1742 176 1817 de
194 1743 250 1818 his
264 1744 331 1843 jam
346 1742 437 1817 satis.

535 1913 797 1935 mmm

320 2081 403 2135 Anno
416 2080 448 2136 C.
461 2098 507 2147 xr;
519 2082 556 2137 U.
567 2080 599 2135 C.
612 2096 746 2145 occure,
759 2080 849 2136 Ovidii
863 2097 913 2133 nur
923 2091 950 2135 et
962 2096 1016 2134 nv.

218 2223 259 2277 M.
276 2222 426 2277 AEMILIO
444 2221 603 2290 LEPIDO,
622 2224 654 2276 T.
672 2220 851 2278 STATILIO
869 2220 1003 2277 TAURO
1023 2220 1125 2277 COSS.

135 2452 141 2459 Ι
187 2367 214 2439 Ι.
228 2366 288 2439 ΑΙ)
305 2366 393 2440 hune
405 2393 528 2441 annum
544 2366 671 2440 adtinet
686 2365 834 2440 Tristium
848 2363 935 2441 liber
947 2366 1006 2455 lv,
1021 2393 1120 2467 quem
1136 2367 1205 2441 Ro»

139 2507 221 2553 nram
240 2479 356 2564 misit,
382 2507 484 2580 quum
501 2480 536 2553 in
564 2479 675 2553 Ponto
701 2479 839 2573 sollicito
850 2480 969 2580 luceret
992 2507 1085 2555 noros
1106 2480 1207 2555 riculo

138 2592 238 2678 redr's,
256 2590 352 2689 Eleg.
369 2612 403 2681 1,
421 2623 503 2669 vers.
522 2592 581 2667 85.
601 2592 732 2666 Deinde
750 2591 881 2694 liquido
895 2591 1040 2681 indicat,
1055 2590 1150 2689 Eleg.
1167 2611 1207 2667 vt

139 2739 174 2786 ac
189 2732 244 2787 Vll
261 2711 407 2786 secundo
424 2709 530 2787 exsilii
543 2740 631 2786 anno
642 2710 808 2785 conditam
820 2738 901 2786 esse.
921 2709 982 2785 llla
1000 2711 1107 2799 enim,
1120 2740 1202 2788 vers.

146 2857 186 2931 ¹9
202 2848 239 2906 et
255 2855 322 2919 20,
337 2830 405 2905 ait:

305 2979 346 3034 Ut
356 2978 439 3048 patria
450 2998 543 3044 ramo,
556 2978 595 3033 bis
604 2978 722 3050 frugibus
732 2998 793 3033 area
805 2978 866 3037 trita
876 2989 915 3032 est
925 2999 933 3041 ς

338 3069 457 3125 Dissiluit
467 3070 541 3126 nudo
550 3090 638 3141 pressa
648 3071 687 3125 bis
698 3090 747 3125 uva
761 3069 836 3141 pede.

141 3189 263 3291 quibus
289 3190 473 3287 signifieat,
495 3219 529 3265 se
550 3189 640 3265 haud
656 3207 731 3266 ante
747 3188 847 3287 hujus
862 3186 940 3260 unni
960 3203 1158 3260 autumnum
1173 3184 1209 3260 id

140 3334 271 3382 carmen
285 3306 475 3409 scripsisse;
491 3306 654 3408 siqnidem
667 3305 708 3379 ab
724 3332 811 3378 anno
825 3305 870 3377 U.
886 3303 924 3376 C.
943 3318 1084 3376 notun
1099 3301 1208 3403 exspi-

140 3443 256 3513 rante,
275 3454 342 3526 quo
357 3427 464 3528 patria
481 3423 600 3528 pulsus
616 3439 684 3510 est,
702 3450 761 3497 uro
779 3422 827 3495 bis
841 3446 950 3522 pressa
974 3418 1039 3493 diei
1059 3447 1127 3493 non
1146 3448 1208 3522 po·

141 3542 222 3631 tuit,
239 3542 307 3617 nisi
319 3541 454 3642 demum
463 3559 544 3644 post
552 3540 690 3641 hujusce
701 3539 779 3614 anni
793 3537 983 3615 vindemias.
1002 3537 1119 3635 Elegia
1128 3568 1207 3615 vero

140 3677 192 3733 Vll
207 3658 344 3747 scribit,
358 3686 442 3732 vers.
467 3684 481 3729 1
501 3675 535 3730 et
553 3681 574 3729 2
589 3685 597 3729 τ

302 3804 348 3860 Bia
359 3823 404 3859 me
416 3804 455 3859 sol
466 3803 530 3858 adiit
540 3802 633 3874 gelide.
643 3811 701 3872 post
710 3801 808 3873 frigora
820 3802 939 3868 bruma,

338 3896 435 3967 Bisque
446 3914 525 3951 auum
533 3905 603 3949 tacto
614 3894 688 3949 Pisce
699 3893 800 3963 peregit
809 3893 876 3961 iter,
888 3902 938 3947 ete.

138 4066 183 4121 tib.
193 4067 237 4133 11,
248 4085 316 4120 vera.
331 4066 375 4119 ror
391 4080 399 4114 τ
413 4086 427 4113 α
441 4066 517 4119 Lr'rr'a
531 4064 568 4119 ric
580 4074 668 4117 tecum
678 4063 784 4117 sociales
794 4060 924 4131 compleat
929 4078 1020 4115 annos
1032 4100 1041 4128 ,
1060 4059 1146 4130 Qun,
1158 4055 1210 4114 nisi

138 4164 183 4220 te,
196 4151 270 4206 nullo
281 4153 394 4222 conjuge
407 4150 486 4221 digna
496 4149 562 4214 [niu
575 4171 590 4196 ι·
602 4158 630 4203 et
642 4168 673 4203 ex
685 4148 787 4216 Ponto,
800 4147 844 4202 lib.
859 4148 901 4214 11,
918 4147 970 4218 Ep.
984 4163 1052 4214 vm,
1071 4165 1138 4201 vers.
1150 4165 1184 4219 oq

139 4259 155 4286 α
168 4238 274 4307 Perque
285 4235 336 4291 tori
346 4235 460 4301 sociam
474 4251 532 4305 quo
542 4251 590 4303 par
601 4232 648 4287 tibi
656 4230 712 4287 sola
723 4242 828 4302 reperta
838 4240 895 4300 eet,
908 4242 957 4287 etc.
967 4252 982 4278 »

177 4330 186 4360 ¹
204 4327 260 4382 lib.
271 4327 332 4392 Lv,
344 4345 402 4398 pag.
415 4326 472 4382 55³.
