3159 5134
585 466 731 534 VITA.
1157 483 1202 549 83

131 601 310 688 amarerit3
331 628 422 700 qua,
448 619 487 676 ut
513 602 642 680 Plinius
661 626 695 682 et
711 609 925 712 Tranquillus
948 615 1118 707 scribunt,
1143 621 1201 695 lla·

132 718 241 811 gravit
256 716 494 793 adulteriorum
518 720 671 810 infamia,
696 744 730 799 et
753 726 906 804 damnata
929 750 1005 807 est:
1024 764 1089 835 qua
1112 736 1203 812 dere

133 832 181 906 ric
201 832 362 909 Sidonius
379 853 499 938 poeta:

332 982 368 1037 Et
381 994 407 1038 te
417 985 533 1038 carmina
547 1005 595 1054 par
606 986 743 1043 libidinosa

332 1075 449 1143 Notum,
463 1077 534 1132 Naso
545 1089 634 1146 tener,
649 1080 800 1151 Tomosque
813 1082 934 1152 missum,

333 1167 478 1234 Quondam
492 1167 618 1224 Caesareae
632 1169 710 1225 nimis
723 1171 815 1242 puellae

329 1258 407 1311 Falso
419 1259 528 1313 nomine
541 1260 676 1315 subditum
693 1261 827 1319 Corinna·

138 1371 238 1469 Quod
255 1401 326 1446 non
343 1371 493 1462 videtum
512 1376 607 1476 quia,
630 1378 658 1451 si
676 1378 721 1454 ita
734 1400 836 1470 esset,
854 1385 995 1480 graviter
1010 1406 1043 1463 et
1063 1392 1202 1469 scienter

138 1488 169 1559 in
183 1489 329 1583 Augusti
337 1489 540 1589 majestatem
553 1491 745 1594 deliquisset
759 1498 918 1592 Ovidius,
932 1532 1019 1595 non,
1029 1525 1068 1580 ut
1077 1508 1204 1611 ubique
1229 1545 1232 1548 ·

137 1602 203 1703 ipse
220 1601 358 1690 scribit,
378 1631 437 1705 per
453 1631 617 1696 errorem,
635 1626 669 1683 et
686 1611 873 1689 inscienter.
899 1619 1083 1710 Praeterea,
1102 1633 1202 1723 quam

138 1719 213 1794 licto
225 1721 362 1794 nomine
380 1721 562 1796 Corinnam
578 1724 773 1826 adpellavit,
797 1735 942 1832 potitum
959 1765 994 1810 se
1013 1757 1151 1837 testatur
1166 1742 1203 1816 in

141 1837 337 1925 Amoribus,
356 1836 444 1911 libro
461 1839 585 1939 primo,
602 1840 694 1936 Eleg.
713 1863 748 1930 V,
765 1845 900 1921 dicens:

292 1983 410 2056 ¹Singula
423 1985 486 2054 quid
499 1986 631 2040 referam?
641 1989 677 2041 nil
691 2009 746 2043 non
759 1991 886 2046 laudabile
898 1995 965 2064 vidi,

336 2076 372 2129 Et
383 2077 483 2130 nudam
498 2078 578 2146 pressi
590 2095 684 2147 corpeus
694 2079 727 2132 ad
741 2099 823 2150 usque
835 2102 934 2137 meum.

301 2165 399 2222 Cetera
413 2169 471 2236 quis
485 2167 587 2223 nescir?
601 2169 658 2223 lassi
671 2173 848 2241 requievimus
859 2176 945 2232 ambo.

336 2259 501 2313 Proveniant
512 2260 592 2314 medii
602 2262 639 2317 sic
651 2262 716 2316 mihi
728 2285 796 2336 saepe
809 2266 871 2321 dics.

142 2378 267 2473 Quare,
285 2377 315 2450 si
332 2405 369 2451 ea
385 2363 436 2451 rel
453 2377 539 2469 filia,
558 2378 613 2453 vel
626 2383 754 2483 neptis,
777 2383 828 2459 vel
844 2390 962 2464 aneilla
984 2393 1138 2488 Caesaris,
1155 2401 1207 2475 vel
1301 2427 1305 2436 ·

141 2518 352 2593 quacumque
367 2490 431 2566 alia
446 2492 546 2568 buerit
561 2495 608 2569 sic
624 2496 674 2569 illi
690 2527 779 2588 cara,
797 2519 837 2575 ut
855 2526 1030 2606 propterea
1047 2510 1206 2592 Ovidium

141 2602 330 2699 relegaverit
345 2634 353 2693 ;
377 2634 446 2680 non
464 2636 569 2696 error,
582 2610 640 2684 scd
658 2611 765 2689 scelus
780 2614 917 2707 suisset;
935 2647 1004 2694 non
1017 2622 1141 2700 inscius
1156 2630 1204 2699 ri-

140 2719 239 2795 disset
254 2721 397 2805 crimen,
417 2722 474 2797 sed
487 2726 592 2799 sciens
609 2726 749 2802 lecisset.
769 2728 885 2819 Adde,
909 2733 1001 2833 quod
1017 2735 1052 2810 in
1066 2767 1141 2814 eum
1156 2771 1206 2817 er-

140 2866 246 2912 rorem
263 2838 382 2913 incidit
398 2839 466 2939 jam
481 2869 597 2930 senex,
624 2844 806 2920 Corinnam
824 2874 902 2921 vero
920 2849 1050 2948 juvenis
1066 2859 1204 2949 amavit;

140 2953 185 3027 sic
201 2955 288 3029 enim
305 2957 346 3030 de
361 2985 397 3031 se
412 2958 503 3059 ipso,
523 2977 642 3060 quarto
656 2960 696 3034 de
711 2962 813 3037 Trist.
834 2962 927 3061 Eleg.
948 2987 994 3040 x:

303 3104 430 3158 Carmina
442 3125 524 3176 quum
536 3108 634 3177 populo
645 3109 761 3192 primum
774 3110 900 3177 juvenilia
910 3113 977 3180 feei,

335 3196 421 3250 Barba
434 3209 532 3253 resecta
544 3198 609 3252 milui
619 3199 705 3266 bisve,
717 3202 831 3255 semelve
842 3202 901 3255 fuit.

303 3290 426 3343 Moverat
438 3290 591 3359 ingenium,
605 3300 687 3345 totam
698 3278 801 3347 c'antata
813 3312 859 3361 per
871 3294 986 3383 urbemn,

337 3383 453 3437 Nomine
463 3402 518 3437 non
530 3389 593 3436 vern
603 3383 672 3438 dicta
686 3384 805 3438 Corinna
817 3385 890 3438 mihi.

140 3503 206 3574 Nec
227 3520 313 3602 puto
333 3502 390 3574 bie
408 3529 498 3589 eam,
522 3502 617 3603 quasi
640 3503 807 3599 gaudens,
835 3504 1059 3599 nominasset,
1085 3512 1113 3583 si
1139 3514 1208 3612 ejus

141 3615 276 3690 miseria
296 3634 330 3689 et
345 3613 450 3691 exsilii
467 3644 564 3691 causa
581 3613 707 3691 fuisset.
726 3616 936 3692 Credendum
952 3637 1040 3694 certe
1055 3642 1122 3712 est,
1148 3626 1207 3699 ali-

141 3729 219 3829 quid
234 3729 279 3803 ab
297 3730 420 3805 ovidio
432 3758 493 3832 per
504 3757 646 3804 errorem
662 3731 786 3818 risum,
804 3732 1058 3835 cognitumque,
1074 3755 1114 3811 ut
1126 3766 1208 3840 pro-

139 3864 250 3945 pterea
265 3847 309 3920 ab
330 3847 459 3923 offenso
477 3849 632 3942 Angusto
652 3848 715 3922 sub
730 3848 824 3921 Artis
836 3848 1016 3926 Amatoria
1029 3852 1126 3954 culpa
1139 3857 1207 3931 To-

139 3960 382 4058 mosrelegatus
393 3963 447 4037 sit
463 3962 529 4036 sed
542 3962 700 4063 quidnam
712 3963 796 4037 illud
808 3964 917 4054 suerit,
931 3995 1034 4066 quum
1046 3972 1122 4044 sciri
1133 3974 1207 4074 ipse

138 4077 301 4169 noluerit,
327 4079 553 4180 nequidquam
580 4081 781 4180 quaerimus,
803 4082 984 4182 prasertim
1009 4107 1131 4184 quum,
1163 4117 1205 4162 nc

138 4212 318 4293 quaeratur,
335 4196 384 4268 sic
399 4194 471 4296 ipsc
483 4195 622 4294 jubeat:
