<?xml version="1.0" encoding="UTF-8"?>
<!DOCTYPE html PUBLIC "-//W3C//DTD XHTML 1.0 Transitional//EN"
    "http://www.w3.org/TR/xhtml1/DTD/xhtml1-transitional.dtd">
<html xmlns="http://www.w3.org/1999/xhtml" xml:lang="en" lang="en">
 <head>
  <title>
</title>
<meta http-equiv="Content-Type" content="text/html;charset=utf-8" />
  <meta name='ocr-system' content='tesseract 3.04.00' />
  <meta name='ocr-capabilities' content='ocr_page ocr_carea ocr_par ocr_line ocrx_word'/>
</head>
<body>
  <div class='ocr_page' id='page_1' title='image "./publiusovidiusn00giergoog/publiusovidiusn00giergoog_0169.png"; bbox 0 0 3159 5134; ppageno 0'>
   <div class='ocr_carea' id='block_1_1' title="bbox 480 508 1218 609">
    <p class='ocr_par' dir='ltr' id='par_1_1' title="bbox 480 508 1218 609">
     <span class='ocr_line' id='line_1_1' title="bbox 480 508 1218 609; baseline 0.009 -34"><span class='ocrx_word' id='word_1_1' title='bbox 480 510 577 578; x_wconf 78' lang='lat' dir='ltr'>ren</span> <span class='ocrx_word' id='word_1_2' title='bbox 601 512 634 576; x_wconf 87' lang='lat' dir='ltr'>J.</span> <span class='ocrx_word' id='word_1_3' title='bbox 660 508 895 579; x_wconf 67' lang='lat' dir='ltr'>neesson.</span> <span class='ocrx_word' id='word_1_4' title='bbox 1156 517 1218 609; x_wconf 81' lang='lat'>159</span> 
     </span>
    </p>
   </div>
   <div class='ocr_carea' id='block_1_2' title="bbox 95 645 1266 3890">
    <p class='ocr_par' dir='ltr' id='par_1_2' title="bbox 95 645 1266 2350">
     <span class='ocr_line' id='line_1_2' title="bbox 148 645 1221 757; baseline 0.009 -37"><span class='ocrx_word' id='word_1_5' title='bbox 148 647 242 747; x_wconf 74' lang='grc'>744,</span> <span class='ocrx_word' id='word_1_6' title='bbox 262 645 461 749; x_wconf 85' lang='lat' dir='ltr'>Claudiique</span> <span class='ocrx_word' id='word_1_7' title='bbox 484 649 629 749; x_wconf 86' lang='lat' dir='ltr'>primum</span> <span class='ocrx_word' id='word_1_8' title='bbox 651 650 821 738; x_wconf 86' lang='lat' dir='ltr'>scribens,</span> <span class='ocrx_word' id='word_1_9' title='bbox 838 648 899 726; x_wconf 89' lang='lat' dir='ltr'>lib.</span> <span class='ocrx_word' id='word_1_10' title='bbox 922 651 1005 740; x_wconf 81' lang='lat' dir='ltr'>LX,</span> <span class='ocrx_word' id='word_1_11' title='bbox 1026 679 1103 753; x_wconf 76' lang='lat' dir='ltr'>pag.</span> <span class='ocrx_word' id='word_1_12' title='bbox 1126 653 1221 757; x_wconf 83' lang='lat'><strong>667:</strong></span> 
     </span>
     <span class='ocr_line' id='line_1_3' title="bbox 150 760 1224 867; baseline 0.009 -34"><span class='ocrx_word' id='word_1_13' title='bbox 150 793 171 824; x_wconf 65' lang='grc' dir='ltr'>ιι</span> <span class='ocrx_word' id='word_1_14' title='bbox 189 762 264 834; x_wconf 79' lang='lat' dir='ltr'>llos</span> <span class='ocrx_word' id='word_1_15' title='bbox 280 760 429 836; x_wconf 84' lang='lat' dir='ltr'>honores</span> <span class='ocrx_word' id='word_1_16' title='bbox 443 763 639 863; x_wconf 82' lang='lat' dir='ltr'>parentibus</span> <span class='ocrx_word' id='word_1_17' title='bbox 655 764 724 840; x_wconf 87' lang='lat' dir='ltr'>suis</span> <span class='ocrx_word' id='word_1_18' title='bbox 738 763 908 852; x_wconf 85' lang='lat' dir='ltr'>tribuens,</span> <span class='ocrx_word' id='word_1_19' title='bbox 921 762 994 866; x_wconf 87' lang='lat' dir='ltr'>ipse</span> <span class='ocrx_word' id='word_1_20' title='bbox 1004 763 1089 839; x_wconf 83' lang='lat' dir='ltr'><strong>nihil</strong></span> <span class='ocrx_word' id='word_1_21' title='bbox 1100 773 1224 867; x_wconf 77' lang='lat' dir='ltr'>pratel</span> 
     </span>
     <span class='ocr_line' id='line_1_4' title="bbox 149 876 1266 981; baseline 0.008 -32"><span class='ocrx_word' id='word_1_22' title='bbox 149 908 169 939; x_wconf 73' lang='lat' dir='ltr'>n</span> <span class='ocrx_word' id='word_1_23' title='bbox 187 877 324 951; x_wconf 88' lang='lat' dir='ltr'>nomina</span> <span class='ocrx_word' id='word_1_24' title='bbox 341 876 472 979; x_wconf 89' lang='lat' dir='ltr'>imperii</span> <span class='ocrx_word' id='word_1_25' title='bbox 491 879 630 981; x_wconf 86' lang='lat' dir='ltr'>accepit.</span> <span class='ocrx_word' id='word_1_26' title='bbox 655 879 740 975; x_wconf 77' lang='lat' dir='ltr'>Quae</span> <span class='ocrx_word' id='word_1_27' title='bbox 757 880 844 953; x_wconf 90' lang='lat' dir='ltr'>enim</span> <span class='ocrx_word' id='word_1_28' title='bbox 861 879 1026 981; x_wconf 76' lang='lat' dir='ltr'>equestria</span> <span class='ocrx_word' id='word_1_29' title='bbox 1048 883 1222 958; x_wconf 83' lang='lat' dir='ltr'>certamina</span> <span class='ocrx_word' id='word_1_30' title='bbox 1259 943 1266 972; x_wconf 70' lang='grc'><strong>,</strong></span> 
     </span>
     <span class='ocr_line' id='line_1_5' title="bbox 151 990 1221 1097; baseline 0.009 -33"><span class='ocrx_word' id='word_1_31' title='bbox 151 1024 171 1057; x_wconf 82' lang='lat'><strong>»</strong></span> <span class='ocrx_word' id='word_1_32' title='bbox 192 990 261 1066; x_wconf 81' lang='lat' dir='ltr'>kal.</span> <span class='ocrx_word' id='word_1_33' title='bbox 279 994 426 1090; x_wconf 78' lang='lat' dir='ltr'>Augusti</span> <span class='ocrx_word' id='word_1_34' title='bbox 443 995 525 1097; x_wconf 89' lang='lat' dir='ltr'>(qui</span> <span class='ocrx_word' id='word_1_35' title='bbox 537 995 719 1072; x_wconf 81' lang='lat' dir='ltr'>estnatalis</span> <span class='ocrx_word' id='word_1_36' title='bbox 732 994 884 1095; x_wconf 79' lang='lat' dir='ltr'>Claudii)</span> <span class='ocrx_word' id='word_1_37' title='bbox 901 995 1110 1088; x_wconf 81' lang='lat' dir='ltr'>exhibentur,</span> <span class='ocrx_word' id='word_1_38' title='bbox 1122 999 1221 1074; x_wconf 84' lang='lat' dir='ltr'>insti·</span> 
     </span>
     <span class='ocr_line' id='line_1_6' title="bbox 95 1112 1222 1214; baseline 0.008 -33"><span class='ocrx_word' id='word_1_39' title='bbox 95 1117 98 1124; x_wconf 82' lang='lat'>&#39;</span> <span class='ocrx_word' id='word_1_40' title='bbox 155 1138 174 1172; x_wconf 77' lang='grc'>»</span> <span class='ocrx_word' id='word_1_41' title='bbox 196 1126 269 1183; x_wconf 85' lang='lat' dir='ltr'>tuta</span> <span class='ocrx_word' id='word_1_42' title='bbox 284 1128 366 1186; x_wconf 87' lang='lat' dir='ltr'>sunt</span> <span class='ocrx_word' id='word_1_43' title='bbox 380 1130 572 1213; x_wconf 83' lang='lat' dir='ltr'>propterea,</span> <span class='ocrx_word' id='word_1_44' title='bbox 590 1112 684 1214; x_wconf 87' lang='lat' dir='ltr'>quod</span> <span class='ocrx_word' id='word_1_45' title='bbox 700 1142 738 1188; x_wconf 90' lang='lat' dir='ltr'>ea</span> <span class='ocrx_word' id='word_1_46' title='bbox 761 1113 814 1187; x_wconf 89' lang='lat' dir='ltr'>die</span> <span class='ocrx_word' id='word_1_47' title='bbox 836 1115 978 1190; x_wconf 75' lang='lat' dir='ltr'>Mmts</span> <span class='ocrx_word' id='word_1_48' title='bbox 999 1112 1085 1188; x_wconf 75' lang='lat' dir='ltr'>edes</span> <span class='ocrx_word' id='word_1_49' title='bbox 1104 1143 1222 1190; x_wconf 84' lang='lat' dir='ltr'>eonse-</span> 
     </span>
     <span class='ocr_line' id='line_1_7' title="bbox 150 1222 1223 1327; baseline 0.007 -33"><span class='ocrx_word' id='word_1_50' title='bbox 150 1255 167 1285; x_wconf 70' lang='grc' dir='ltr'><strong>υ</strong></span> <span class='ocrx_word' id='word_1_51' title='bbox 187 1240 280 1297; x_wconf 89' lang='lat' dir='ltr'>crata</span> <span class='ocrx_word' id='word_1_52' title='bbox 303 1222 381 1299; x_wconf 88' lang='lat' dir='ltr'>luit.</span> <span class='ocrx_word' id='word_1_53' title='bbox 405 1258 423 1291; x_wconf 82' lang='lat'>»</span> <span class='ocrx_word' id='word_1_54' title='bbox 453 1229 504 1299; x_wconf 84' lang='lat' dir='ltr'>Ex</span> <span class='ocrx_word' id='word_1_55' title='bbox 525 1256 593 1327; x_wconf 89' lang='lat' dir='ltr'>quo</span> <span class='ocrx_word' id='word_1_56' title='bbox 620 1224 697 1301; x_wconf 92' lang='lat' dir='ltr'>loco</span> <span class='ocrx_word' id='word_1_57' title='bbox 721 1226 906 1302; x_wconf 80' lang='lat' dir='ltr'>Bucherius</span> <span class='ocrx_word' id='word_1_58' title='bbox 931 1225 1087 1316; x_wconf 82' lang='lat' dir='ltr'>deducit,</span> <span class='ocrx_word' id='word_1_59' title='bbox 1111 1254 1223 1302; x_wconf 78' lang='lat' dir='ltr'>resera</span> 
     </span>
     <span class='ocr_line' id='line_1_8' title="bbox 145 1338 1219 1444; baseline 0.004 -28"><span class='ocrx_word' id='word_1_60' title='bbox 145 1338 266 1416; x_wconf 73' lang='lat' dir='ltr'>Martis</span> <span class='ocrx_word' id='word_1_61' title='bbox 280 1340 442 1444; x_wconf 88' lang='lat' dir='ltr'>templum</span> <span class='ocrx_word' id='word_1_62' title='bbox 459 1343 525 1416; x_wconf 84' lang='lat' dir='ltr'>ltul.</span> <span class='ocrx_word' id='word_1_63' title='bbox 541 1346 631 1443; x_wconf 72' lang='lat' dir='ltr'>Aug.</span> <span class='ocrx_word' id='word_1_64' title='bbox 650 1372 704 1417; x_wconf 86' lang='lat' dir='ltr'>an.</span> <span class='ocrx_word' id='word_1_65' title='bbox 718 1345 763 1417; x_wconf 89' lang='lat' dir='ltr'>U.</span> <span class='ocrx_word' id='word_1_66' title='bbox 779 1344 818 1418; x_wconf 86' lang='lat' dir='ltr'>C.</span> <span class='ocrx_word' id='word_1_67' title='bbox 836 1342 923 1443; x_wconf 84' lang='lat'><strong>752,</strong></span> <span class='ocrx_word' id='word_1_68' title='bbox 942 1342 1126 1418; x_wconf 87' lang='lat' dir='ltr'>dedicatum</span> <span class='ocrx_word' id='word_1_69' title='bbox 1139 1374 1219 1420; x_wconf 88' lang='lat' dir='ltr'>esse.</span> 
     </span>
     <span class='ocr_line' id='line_1_9' title="bbox 146 1458 1225 1560; baseline 0.004 -28"><span class='ocrx_word' id='word_1_70' title='bbox 146 1459 194 1532; x_wconf 83' lang='lat' dir='ltr'>At</span> <span class='ocrx_word' id='word_1_71' title='bbox 211 1486 316 1558; x_wconf 88' lang='lat' dir='ltr'>quum</span> <span class='ocrx_word' id='word_1_72' title='bbox 343 1458 525 1534; x_wconf 88' lang='lat' dir='ltr'>historicus</span> <span class='ocrx_word' id='word_1_73' title='bbox 553 1458 611 1534; x_wconf 89' lang='lat' dir='ltr'>ille</span> <span class='ocrx_word' id='word_1_74' title='bbox 638 1458 776 1535; x_wconf 89' lang='lat' dir='ltr'>omuino</span> <span class='ocrx_word' id='word_1_75' title='bbox 793 1458 856 1534; x_wconf 86' lang='lat' dir='ltr'>hac</span> <span class='ocrx_word' id='word_1_76' title='bbox 871 1459 907 1532; x_wconf 93' lang='lat' dir='ltr'>in</span> <span class='ocrx_word' id='word_1_77' title='bbox 925 1476 1019 1560; x_wconf 89' lang='lat' dir='ltr'>parte</span> <span class='ocrx_word' id='word_1_78' title='bbox 1036 1460 1225 1538; x_wconf 77' lang='lat' dir='ltr'>adversetur</span> 
     </span>
     <span class='ocr_line' id='line_1_10' title="bbox 151 1573 1223 1678; baseline 0.005 -29"><span class='ocrx_word' id='word_1_79' title='bbox 151 1573 267 1650; x_wconf 78' lang='lat' dir='ltr'>Ooidrir</span> <span class='ocrx_word' id='word_1_80' title='bbox 283 1594 317 1650; x_wconf 89' lang='lat' dir='ltr'>et</span> <span class='ocrx_word' id='word_1_81' title='bbox 331 1576 531 1664; x_wconf 54' lang='lat' dir='ltr'>totam</span> <span class='ocrx_word' id='word_1_82' title='bbox 551 1578 675 1678; x_wconf 89' lang='lat' dir='ltr'>quibus</span> <span class='ocrx_word' id='word_1_83' title='bbox 691 1575 927 1677; x_wconf 68' lang='lat' dir='ltr'>locupletiores</span> <span class='ocrx_word' id='word_1_84' title='bbox 943 1576 1006 1654; x_wconf 84' lang='lat' dir='ltr'>bac</span> <span class='ocrx_word' id='word_1_85' title='bbox 1022 1578 1058 1652; x_wconf 90' lang='lat' dir='ltr'>in</span> <span class='ocrx_word' id='word_1_86' title='bbox 1070 1608 1107 1653; x_wconf 89' lang='lat' dir='ltr'>re</span> <span class='ocrx_word' id='word_1_87' title='bbox 1124 1597 1223 1655; x_wconf 84' lang='lat' dir='ltr'>testes</span> 
     </span>
     <span class='ocr_line' id='line_1_11' title="bbox 147 1689 1222 1796; baseline 0.011 -34"><span class='ocrx_word' id='word_1_88' title='bbox 147 1689 328 1765; x_wconf 75' lang='lat' dir='ltr'>desiderari</span> <span class='ocrx_word' id='word_1_89' title='bbox 340 1710 532 1793; x_wconf 89' lang='lat' dir='ltr'>nequeunt,</span> <span class='ocrx_word' id='word_1_90' title='bbox 547 1693 624 1768; x_wconf 87' lang='lat' dir='ltr'>ideo</span> <span class='ocrx_word' id='word_1_91' title='bbox 639 1693 745 1770; x_wconf 82' lang='lat' dir='ltr'>dicere</span> <span class='ocrx_word' id='word_1_92' title='bbox 753 1690 885 1781; x_wconf 72' lang='lat' dir='ltr'>malim,</span> <span class='ocrx_word' id='word_1_93' title='bbox 899 1690 950 1770; x_wconf 86' lang='lat' dir='ltr'>vel</span> <span class='ocrx_word' id='word_1_94' title='bbox 964 1692 1099 1770; x_wconf 64' lang='lat' dir='ltr'>mrem</span> <span class='ocrx_word' id='word_1_95' title='bbox 1111 1693 1222 1796; x_wconf 84' lang='lat' dir='ltr'>ipsum</span> 
     </span>
     <span class='ocr_line' id='line_1_12' title="bbox 145 1789 1222 1912; baseline 0.006 -31"><span class='ocrx_word' id='word_1_96' title='bbox 145 1807 249 1883; x_wconf 64' lang='lat' dir='ltr'>ronse</span> <span class='ocrx_word' id='word_1_97' title='bbox 263 1807 522 1900; x_wconf 67' lang='lat' dir='ltr'>taruennam,</span> <span class='ocrx_word' id='word_1_98' title='bbox 540 1809 592 1885; x_wconf 67' lang='lat' dir='ltr'>vet</span> <span class='ocrx_word' id='word_1_99' title='bbox 607 1810 720 1911; x_wconf 63' lang='lat' dir='ltr'>pann</span> <span class='ocrx_word' id='word_1_100' title='bbox 736 1808 938 1912; x_wconf 65' lang='lat' dir='ltr'>undamn</span> <span class='ocrx_word' id='word_1_101' title='bbox 954 1789 1025 1908; x_wconf 65' lang='lat' dir='ltr'>eju&#39;t</span> <span class='ocrx_word' id='word_1_102' title='bbox 1039 1811 1151 1886; x_wconf 65' lang='lat' dir='ltr'>verm</span> <span class='ocrx_word' id='word_1_103' title='bbox 1163 1842 1222 1887; x_wconf 66' lang='lat' dir='ltr'>cu-</span> 
     </span>
     <span class='ocr_line' id='line_1_13' title="bbox 147 1921 1221 2027; baseline 0.007 -32"><span class='ocrx_word' id='word_1_104' title='bbox 147 1921 247 2012; x_wconf 85' lang='lat' dir='ltr'>bare,</span> <span class='ocrx_word' id='word_1_105' title='bbox 263 1952 301 1997; x_wconf 89' lang='lat' dir='ltr'>ac</span> <span class='ocrx_word' id='word_1_106' title='bbox 316 1922 392 1999; x_wconf 89' lang='lat' dir='ltr'>loco</span> <span class='ocrx_word' id='word_1_107' title='bbox 410 1926 503 2000; x_wconf 82' lang='lat' dir='ltr'>vocis</span> <span class='ocrx_word' id='word_1_108' title='bbox 518 1926 636 2000; x_wconf 83' lang='lat' dir='ltr'>Mortis</span> <span class='ocrx_word' id='word_1_109' title='bbox 648 1925 878 2027; x_wconf 89' lang='lat' dir='ltr'>reponendum</span> <span class='ocrx_word' id='word_1_110' title='bbox 892 1951 963 1998; x_wconf 85' lang='lat' dir='ltr'>esse</span> <span class='ocrx_word' id='word_1_111' title='bbox 974 1924 1121 2000; x_wconf 84' lang='lat' dir='ltr'>numinis</span> <span class='ocrx_word' id='word_1_112' title='bbox 1136 1927 1221 2006; x_wconf 83' lang='lat' dir='ltr'>alius</span> 
     </span>
     <span class='ocr_line' id='line_1_14' title="bbox 146 2039 1221 2143; baseline 0.006 -33"><span class='ocrx_word' id='word_1_113' title='bbox 146 2067 282 2112; x_wconf 92' lang='lat' dir='ltr'>nomen.</span> <span class='ocrx_word' id='word_1_114' title='bbox 302 2040 455 2115; x_wconf 81' lang='lat' dir='ltr'>Profecto</span> <span class='ocrx_word' id='word_1_115' title='bbox 470 2043 507 2115; x_wconf 90' lang='lat' dir='ltr'>in</span> <span class='ocrx_word' id='word_1_116' title='bbox 523 2041 590 2117; x_wconf 84' lang='lat' dir='ltr'>alio</span> <span class='ocrx_word' id='word_1_117' title='bbox 604 2043 724 2120; x_wconf 81' lang='lat' dir='ltr'>veteris</span> <span class='ocrx_word' id='word_1_118' title='bbox 743 2040 922 2115; x_wconf 62' lang='lat' dir='ltr'>hkuderri&#39;</span> <span class='ocrx_word' id='word_1_119' title='bbox 940 2039 1113 2134; x_wconf 73' lang='lat' dir='ltr'>fragment.</span> <span class='ocrx_word' id='word_1_120' title='bbox 1133 2042 1221 2143; x_wconf 86' lang='lat' dir='ltr'>apud</span> 
     </span>
     <span class='ocr_line' id='line_1_15' title="bbox 150 2153 1220 2256; baseline 0.005 -29"><span class='ocrx_word' id='word_1_121' title='bbox 150 2153 276 2228; x_wconf 81' lang='lat' dir='ltr'>Gruter.</span> <span class='ocrx_word' id='word_1_122' title='bbox 305 2185 381 2256; x_wconf 82' lang='lat' dir='ltr'>pag.</span> <span class='ocrx_word' id='word_1_123' title='bbox 411 2156 499 2250; x_wconf 74' lang='grc'>134,</span> <span class='ocrx_word' id='word_1_124' title='bbox 519 2158 561 2232; x_wconf 92' lang='lat' dir='ltr'>ad</span> <span class='ocrx_word' id='word_1_125' title='bbox 586 2153 653 2232; x_wconf 86' lang='lat' dir='ltr'>kal.</span> <span class='ocrx_word' id='word_1_126' title='bbox 681 2161 847 2232; x_wconf 74' lang='lat' dir='ltr'>AUGttm</span> <span class='ocrx_word' id='word_1_127' title='bbox 872 2154 1220 2253; x_wconf 74' lang='lat' dir='ltr'>tegimus28rn1.nn</span> 
     </span>
     <span class='ocr_line' id='line_1_16' title="bbox 146 2272 1143 2350; baseline 0.004 -9"><span class='ocrx_word' id='word_1_128' title='bbox 146 2288 276 2345; x_wconf 77' lang='lat' dir='ltr'>rouvre</span> <span class='ocrx_word' id='word_1_129' title='bbox 294 2274 529 2350; x_wconf 80' lang='lat' dir='ltr'>Homroruru</span> <span class='ocrx_word' id='word_1_130' title='bbox 547 2294 670 2350; x_wconf 71' lang='lat' dir='ltr'>rimu.</span> <span class='ocrx_word' id='word_1_131' title='bbox 688 2293 735 2348; x_wconf 80' lang='lat' dir='ltr'>rr.</span> <span class='ocrx_word' id='word_1_132' title='bbox 754 2274 908 2348; x_wconf 60' lang='lat' dir='ltr'>aaron</span> <span class='ocrx_word' id='word_1_133' title='bbox 926 2272 1143 2346; x_wconf 76' lang='lat' dir='ltr'>Genuamcr.</span> 
     </span>
    </p>

    <p class='ocr_par' dir='ltr' id='par_1_3' title="bbox 145 2388 1219 3890">
     <span class='ocr_line' id='line_1_17' title="bbox 196 2388 1218 2492; baseline 0.004 -33"><span class='ocrx_word' id='word_1_134' title='bbox 196 2389 251 2460; x_wconf 85' lang='lat' dir='ltr'>Ex</span> <span class='ocrx_word' id='word_1_135' title='bbox 269 2388 366 2465; x_wconf 87' lang='lat' dir='ltr'>dietis</span> <span class='ocrx_word' id='word_1_136' title='bbox 383 2389 487 2486; x_wconf 78' lang='lat' dir='ltr'>igitur</span> <span class='ocrx_word' id='word_1_137' title='bbox 501 2389 588 2467; x_wconf 80' lang='lat' dir='ltr'>clere</span> <span class='ocrx_word' id='word_1_138' title='bbox 604 2392 688 2468; x_wconf 80' lang='lat' dir='ltr'>satis</span> <span class='ocrx_word' id='word_1_139' title='bbox 703 2408 814 2492; x_wconf 87' lang='lat' dir='ltr'>patet,</span> <span class='ocrx_word' id='word_1_140' title='bbox 831 2394 946 2467; x_wconf 82' lang='lat' dir='ltr'>Artem</span> <span class='ocrx_word' id='word_1_141' title='bbox 962 2390 1158 2468; x_wconf 79' lang='lat' dir='ltr'>Amatoriom</span> <span class='ocrx_word' id='word_1_142' title='bbox 1176 2390 1218 2464; x_wconf 89' lang='lat' dir='ltr'>ab</span> 
     </span>
     <span class='ocr_line' id='line_1_18' title="bbox 147 2503 1218 2610; baseline 0.002 -32"><span class='ocrx_word' id='word_1_143' title='bbox 147 2504 272 2580; x_wconf 77' lang='lat' dir='ltr'>ovidio</span> <span class='ocrx_word' id='word_1_144' title='bbox 290 2506 392 2584; x_wconf 84' lang='lat' dir='ltr'>luisse</span> <span class='ocrx_word' id='word_1_145' title='bbox 409 2508 545 2596; x_wconf 84' lang='lat' dir='ltr'>editam,</span> <span class='ocrx_word' id='word_1_146' title='bbox 565 2508 690 2610; x_wconf 85' lang='lat' dir='ltr'>templo</span> <span class='ocrx_word' id='word_1_147' title='bbox 703 2507 837 2608; x_wconf 87' lang='lat' dir='ltr'>quidem</span> <span class='ocrx_word' id='word_1_148' title='bbox 854 2507 975 2580; x_wconf 77' lang='lat' dir='ltr'>Martio</span> <span class='ocrx_word' id='word_1_149' title='bbox 989 2506 1055 2606; x_wconf 85' lang='lat' dir='ltr'>jam</span> <span class='ocrx_word' id='word_1_150' title='bbox 1071 2503 1218 2580; x_wconf 58' lang='lat' dir='ltr'>Naumass</span> 
     </span>
     <span class='ocr_line' id='line_1_19' title="bbox 148 2620 1219 2724; baseline 0.003 -32"><span class='ocrx_word' id='word_1_151' title='bbox 148 2620 223 2693; x_wconf 85' lang='lat' dir='ltr'>chia</span> <span class='ocrx_word' id='word_1_152' title='bbox 235 2620 375 2723; x_wconf 85' lang='lat' dir='ltr'>aliisque</span> <span class='ocrx_word' id='word_1_153' title='bbox 391 2623 586 2724; x_wconf 81' lang='lat' dir='ltr'>spectaculis</span> <span class='ocrx_word' id='word_1_154' title='bbox 604 2624 773 2709; x_wconf 85' lang='lat' dir='ltr'>dedicato,</span> <span class='ocrx_word' id='word_1_155' title='bbox 793 2650 850 2697; x_wconf 86' lang='lat' dir='ltr'>seu</span> <span class='ocrx_word' id='word_1_156' title='bbox 863 2639 942 2723; x_wconf 88' lang='lat' dir='ltr'>post</span> <span class='ocrx_word' id='word_1_157' title='bbox 952 2640 992 2694; x_wconf 83' lang='lat' dir='ltr'>tv</span> <span class='ocrx_word' id='word_1_158' title='bbox 1003 2622 1093 2694; x_wconf 75' lang='lat' dir='ltr'>11)th</span> <span class='ocrx_word' id='word_1_159' title='bbox 1101 2621 1219 2695; x_wconf 70' lang='lat' dir='ltr'>Melus</span> 
     </span>
     <span class='ocr_line' id='line_1_20' title="bbox 146 2735 1219 2840; baseline 0.005 -32"><span class='ocrx_word' id='word_1_160' title='bbox 146 2735 248 2835; x_wconf 83' lang='lat' dir='ltr'>hujus</span> <span class='ocrx_word' id='word_1_161' title='bbox 266 2739 363 2827; x_wconf 87' lang='lat' dir='ltr'>anni,</span> <span class='ocrx_word' id='word_1_162' title='bbox 383 2739 440 2814; x_wconf 86' lang='lat' dir='ltr'>sed</span> <span class='ocrx_word' id='word_1_163' title='bbox 458 2759 534 2815; x_wconf 84' lang='lat' dir='ltr'>ante</span> <span class='ocrx_word' id='word_1_164' title='bbox 552 2739 649 2814; x_wconf 84' lang='lat' dir='ltr'>Juliae</span> <span class='ocrx_word' id='word_1_165' title='bbox 666 2738 900 2835; x_wconf 84' lang='lat' dir='ltr'>relegationem</span> <span class='ocrx_word' id='word_1_166' title='bbox 921 2748 943 2826; x_wconf 83' lang='lat'>¹,</span> <span class='ocrx_word' id='word_1_167' title='bbox 960 2766 999 2810; x_wconf 87' lang='lat' dir='ltr'>ac</span> <span class='ocrx_word' id='word_1_168' title='bbox 1016 2739 1219 2840; x_wconf 86' lang='lat' dir='ltr'>Septembris</span> 
     </span>
     <span class='ocr_line' id='line_1_21' title="bbox 146 2852 1217 2957; baseline 0.003 -30"><span class='ocrx_word' id='word_1_169' title='bbox 146 2852 257 2927; x_wconf 83' lang='lat' dir='ltr'>linem</span> <span class='ocrx_word' id='word_1_170' title='bbox 277 2856 362 2951; x_wconf 85' lang='lat' dir='ltr'>Quae</span> <span class='ocrx_word' id='word_1_171' title='bbox 380 2857 540 2930; x_wconf 85' lang='lat' dir='ltr'>sententia</span> <span class='ocrx_word' id='word_1_172' title='bbox 553 2856 746 2956; x_wconf 79' lang='lat' dir='ltr'>jamdudum</span> <span class='ocrx_word' id='word_1_173' title='bbox 762 2854 965 2929; x_wconf 81' lang='lat' dir='ltr'>doctissimis</span> <span class='ocrx_word' id='word_1_174' title='bbox 981 2854 1107 2957; x_wconf 85' lang='lat' dir='ltr'>placuit</span> <span class='ocrx_word' id='word_1_175' title='bbox 1123 2857 1217 2942; x_wconf 85' lang='lat' dir='ltr'>viris,</span> 
     </span>
     <span class='ocr_line' id='line_1_22' title="bbox 146 2967 1218 3070; baseline 0.003 -30"><span class='ocrx_word' id='word_1_176' title='bbox 146 2995 236 3067; x_wconf 90' lang='lat' dir='ltr'>quos</span> <span class='ocrx_word' id='word_1_177' title='bbox 255 2967 343 3041; x_wconf 90' lang='lat' dir='ltr'>inter</span> <span class='ocrx_word' id='word_1_178' title='bbox 359 2968 535 3067; x_wconf 83' lang='lat' dir='ltr'>Keplerum</span> <span class='ocrx_word' id='word_1_179' title='bbox 552 2969 664 3044; x_wconf 88' lang='lat' dir='ltr'>laudat</span> <span class='ocrx_word' id='word_1_180' title='bbox 678 2967 925 3044; x_wconf 86' lang='lat' dir='ltr'>illustrissimus</span> <span class='ocrx_word' id='word_1_181' title='bbox 938 2967 1092 3043; x_wconf 82' lang='lat' dir='ltr'>Norisius</span> <span class='ocrx_word' id='word_1_182' title='bbox 1109 2979 1143 3058; x_wconf 85' lang='lat'>¹,</span> <span class='ocrx_word' id='word_1_183' title='bbox 1160 2969 1218 3070; x_wconf 90' lang='lat' dir='ltr'>qui</span> 
     </span>
     <span class='ocr_line' id='line_1_23' title="bbox 145 3084 1216 3198; baseline 0.004 -42"><span class='ocrx_word' id='word_1_184' title='bbox 145 3102 180 3156; x_wconf 87' lang='lat' dir='ltr'>et</span> <span class='ocrx_word' id='word_1_185' title='bbox 194 3084 342 3198; x_wconf 76' lang='lat' dir='ltr'>eamdem</span> <span class='ocrx_word' id='word_1_186' title='bbox 365 3116 426 3161; x_wconf 90' lang='lat' dir='ltr'>suo</span> <span class='ocrx_word' id='word_1_187' title='bbox 455 3087 582 3161; x_wconf 88' lang='lat' dir='ltr'>calculo</span> <span class='ocrx_word' id='word_1_188' title='bbox 608 3088 732 3189; x_wconf 86' lang='lat' dir='ltr'>probat</span> <span class='ocrx_word' id='word_1_189' title='bbox 750 3117 758 3159; x_wconf 90' lang='lat'>:</span> <span class='ocrx_word' id='word_1_190' title='bbox 779 3089 885 3160; x_wconf 84' lang='lat' dir='ltr'>«Eos</span> <span class='ocrx_word' id='word_1_191' title='bbox 906 3115 1008 3175; x_wconf 86' lang='lat' dir='ltr'>vero,</span> <span class='ocrx_word' id='word_1_192' title='bbox 1027 3087 1091 3174; x_wconf 82' lang='lat' dir='ltr'>ait,</span> <span class='ocrx_word' id='word_1_193' title='bbox 1110 3086 1216 3178; x_wconf 89' lang='lat' dir='ltr'>libros</span> 
     </span>
     <span class='ocr_line' id='line_1_24' title="bbox 149 3202 1216 3306; baseline 0.002 -28"><span class='ocrx_word' id='word_1_194' title='bbox 149 3236 166 3268; x_wconf 87' lang='lat'>»</span> <span class='ocrx_word' id='word_1_195' title='bbox 188 3204 309 3302; x_wconf 79' lang='lat' dir='ltr'>(Artis</span> <span class='ocrx_word' id='word_1_196' title='bbox 321 3205 489 3299; x_wconf 83' lang='lat' dir='ltr'>Arroodr&#39;)</span> <span class='ocrx_word' id='word_1_197' title='bbox 506 3224 582 3280; x_wconf 84' lang='lat' dir='ltr'>ante</span> <span class='ocrx_word' id='word_1_198' title='bbox 599 3207 784 3280; x_wconf 88' lang='lat' dir='ltr'>damnatam</span> <span class='ocrx_word' id='word_1_199' title='bbox 797 3202 921 3278; x_wconf 79' lang='lat' dir='ltr'>Julian</span> <span class='ocrx_word' id='word_1_200' title='bbox 936 3204 1079 3305; x_wconf 89' lang='lat' dir='ltr'>scriptos</span> <span class='ocrx_word' id='word_1_201' title='bbox 1097 3206 1216 3306; x_wconf 84' lang='lat' dir='ltr'>opina·</span> 
     </span>
     <span class='ocr_line' id='line_1_25' title="bbox 149 3320 1216 3427; baseline 0 -31"><span class='ocrx_word' id='word_1_202' title='bbox 149 3355 167 3386; x_wconf 76' lang='lat' dir='ltr'>o</span> <span class='ocrx_word' id='word_1_203' title='bbox 187 3340 262 3409; x_wconf 85' lang='lat' dir='ltr'>tur,</span> <span class='ocrx_word' id='word_1_204' title='bbox 281 3322 499 3425; x_wconf 83' lang='lat' dir='ltr'>(Keplerus)</span> <span class='ocrx_word' id='word_1_205' title='bbox 517 3323 606 3427; x_wconf 91' lang='lat' dir='ltr'>quod</span> <span class='ocrx_word' id='word_1_206' title='bbox 624 3325 781 3419; x_wconf 71' lang='lat' dir='ltr'>Augusto</span> <span class='ocrx_word' id='word_1_207' title='bbox 797 3320 956 3396; x_wconf 85' lang='lat' dir='ltr'>adulteris</span> <span class='ocrx_word' id='word_1_208' title='bbox 972 3322 1100 3417; x_wconf 83' lang='lat' dir='ltr'>ingenti</span> <span class='ocrx_word' id='word_1_209' title='bbox 1125 3350 1216 3398; x_wconf 83' lang='lat' dir='ltr'>serc-</span> 
     </span>
     <span class='ocr_line' id='line_1_26' title="bbox 147 3437 1217 3541; baseline 0.001 -31"><span class='ocrx_word' id='word_1_210' title='bbox 147 3473 166 3503; x_wconf 85' lang='lat'>»</span> <span class='ocrx_word' id='word_1_211' title='bbox 186 3437 284 3511; x_wconf 85' lang='lat' dir='ltr'>ritate</span> <span class='ocrx_word' id='word_1_212' title='bbox 301 3466 415 3540; x_wconf 88' lang='lat' dir='ltr'>poenas</span> <span class='ocrx_word' id='word_1_213' title='bbox 434 3440 619 3536; x_wconf 80' lang='lat' dir='ltr'>irrogante,</span> <span class='ocrx_word' id='word_1_214' title='bbox 636 3438 829 3539; x_wconf 85' lang='lat' dir='ltr'>neutiquam</span> <span class='ocrx_word' id='word_1_215' title='bbox 852 3457 951 3541; x_wconf 84' lang='lat' dir='ltr'>poeta</span> <span class='ocrx_word' id='word_1_216' title='bbox 973 3465 1075 3511; x_wconf 86' lang='lat' dir='ltr'>ausus</span> <span class='ocrx_word' id='word_1_217' title='bbox 1100 3438 1217 3512; x_wconf 79' lang='lat' dir='ltr'>firisset</span> 
     </span>
     <span class='ocr_line' id='line_1_27' title="bbox 146 3554 1213 3658; baseline 0.001 -29"><span class='ocrx_word' id='word_1_218' title='bbox 146 3591 164 3622; x_wconf 75' lang='lat' dir='ltr'>n</span> <span class='ocrx_word' id='word_1_219' title='bbox 186 3554 346 3642; x_wconf 82' lang='lat' dir='ltr'>adulteria</span> <span class='ocrx_word' id='word_1_220' title='bbox 364 3585 402 3634; x_wconf 85' lang='lat' dir='ltr'>ac</span> <span class='ocrx_word' id='word_1_221' title='bbox 419 3558 623 3658; x_wconf 87' lang='lat' dir='ltr'>promiscuos</span> <span class='ocrx_word' id='word_1_222' title='bbox 635 3556 844 3631; x_wconf 78' lang='lat' dir='ltr'>foeminarum</span> <span class='ocrx_word' id='word_1_223' title='bbox 858 3585 986 3631; x_wconf 84' lang='lat' dir='ltr'>amores</span> <span class='ocrx_word' id='word_1_224' title='bbox 1001 3585 1071 3630; x_wconf 92' lang='lat' dir='ltr'>non</span> <span class='ocrx_word' id='word_1_225' title='bbox 1085 3574 1213 3630; x_wconf 89' lang='lat' dir='ltr'>tantum</span> 
     </span>
     <span class='ocr_line' id='line_1_28' title="bbox 145 3671 1217 3775; baseline 0.01 -36"><span class='ocrx_word' id='word_1_226' title='bbox 145 3706 165 3739; x_wconf 68' lang='grc' dir='ltr'>»ι</span> <span class='ocrx_word' id='word_1_227' title='bbox 187 3671 339 3760; x_wconf 84' lang='lat' dir='ltr'>laudare,</span> <span class='ocrx_word' id='word_1_228' title='bbox 353 3701 466 3748; x_wconf 82' lang='lat' dir='ltr'>verum</span> <span class='ocrx_word' id='word_1_229' title='bbox 480 3674 577 3748; x_wconf 90' lang='lat' dir='ltr'>etiam</span> <span class='ocrx_word' id='word_1_230' title='bbox 593 3673 781 3775; x_wconf 74' lang='lat' dir='ltr'>precipere.</span> <span class='ocrx_word' id='word_1_231' title='bbox 800 3676 876 3747; x_wconf 87' lang='lat' dir='ltr'>Non</span> <span class='ocrx_word' id='word_1_232' title='bbox 895 3675 1026 3773; x_wconf 83' lang='lat' dir='ltr'>rejicio,</span> <span class='ocrx_word' id='word_1_233' title='bbox 1044 3675 1217 3775; x_wconf 79' lang='lat' dir='ltr'>subjungit</span> 
     </span>
     <span class='ocr_line' id='line_1_29' title="bbox 146 3787 1217 3890; baseline 0.003 -27"><span class='ocrx_word' id='word_1_234' title='bbox 146 3821 165 3854; x_wconf 68' lang='lat' dir='ltr'>r</span> <span class='ocrx_word' id='word_1_235' title='bbox 186 3789 480 3864; x_wconf 86' lang='lat' dir='ltr'>Eminentissimus</span> <span class='ocrx_word' id='word_1_236' title='bbox 500 3789 577 3875; x_wconf 81' lang='lat' dir='ltr'>vir,</span> <span class='ocrx_word' id='word_1_237' title='bbox 603 3787 814 3890; x_wconf 89' lang='lat' dir='ltr'>prohabilem</span> <span class='ocrx_word' id='word_1_238' title='bbox 836 3789 1067 3887; x_wconf 89' lang='lat' dir='ltr'>conjecturam.</span> <span class='ocrx_word' id='word_1_239' title='bbox 1093 3825 1111 3858; x_wconf 88' lang='lat'>»</span> <span class='ocrx_word' id='word_1_240' title='bbox 1132 3793 1217 3866; x_wconf 89' lang='lat' dir='ltr'>Nam</span> 
     </span>
    </p>
   </div>
   <div class='ocr_carea' id='block_1_3' title="bbox 178 3987 1214 4062">
    <p class='ocr_par' dir='ltr' id='par_1_4' title="bbox 178 3987 1214 4062">
     <span class='ocr_line' id='line_1_30' title="bbox 178 3987 1214 4062; baseline -0.001 -16"><span class='ocrx_word' id='word_1_241' title='bbox 178 3992 187 4023; x_wconf 90' lang='lat'>¹</span> <span class='ocrx_word' id='word_1_242' title='bbox 207 3988 274 4046; x_wconf 80' lang='lat' dir='ltr'>Eam</span> <span class='ocrx_word' id='word_1_243' title='bbox 285 4000 346 4044; x_wconf 89' lang='lat' dir='ltr'>ante</span> <span class='ocrx_word' id='word_1_244' title='bbox 358 3990 437 4059; x_wconf 75' lang='lat' dir='ltr'>hujus</span> <span class='ocrx_word' id='word_1_245' title='bbox 449 3991 511 4046; x_wconf 73' lang='lat' dir='ltr'>cuni</span> <span class='ocrx_word' id='word_1_246' title='bbox 524 3991 623 4044; x_wconf 82' lang='lat' dir='ltr'>exitum</span> <span class='ocrx_word' id='word_1_247' title='bbox 635 3989 732 4044; x_wconf 72' lang='lat' dir='ltr'>lactum</span> <span class='ocrx_word' id='word_1_248' title='bbox 744 3987 794 4043; x_wconf 83' lang='lat' dir='ltr'>alio</span> <span class='ocrx_word' id='word_1_249' title='bbox 805 3990 896 4058; x_wconf 86' lang='lat' dir='ltr'>probat</span> <span class='ocrx_word' id='word_1_250' title='bbox 909 4003 1065 4062; x_wconf 77' lang='lat' dir='ltr'>argumento</span> <span class='ocrx_word' id='word_1_251' title='bbox 1078 3989 1120 4044; x_wconf 71' lang='grc' dir='ltr'>(ΙΙ,</span> <span class='ocrx_word' id='word_1_252' title='bbox 1134 3992 1214 4045; x_wconf 88' lang='lat' dir='ltr'>Nori·</span> 
     </span>
    </p>
   </div>
   <div class='ocr_carea' id='block_1_4' title="bbox 141 4073 1214 4228">
    <p class='ocr_par' dir='ltr' id='par_1_5' title="bbox 141 4073 1214 4228">
     <span class='ocr_line' id='line_1_31' title="bbox 141 4073 1214 4146; baseline -0.002 -17"><span class='ocrx_word' id='word_1_253' title='bbox 141 4073 212 4140; x_wconf 71' lang='lat' dir='ltr'>sins,</span> <span class='ocrx_word' id='word_1_254' title='bbox 228 4075 260 4130; x_wconf 88' lang='lat' dir='ltr'>de</span> <span class='ocrx_word' id='word_1_255' title='bbox 272 4074 370 4132; x_wconf 72' lang='lat' dir='ltr'>cenot</span> <span class='ocrx_word' id='word_1_256' title='bbox 383 4075 470 4132; x_wconf 81' lang='lat' dir='ltr'>Pisan-</span> <span class='ocrx_word' id='word_1_257' title='bbox 484 4095 541 4146; x_wconf 78' lang='lat' dir='ltr'>pag.</span> <span class='ocrx_word' id='word_1_258' title='bbox 556 4076 618 4146; x_wconf 67' lang='lat'>183„</span> <span class='ocrx_word' id='word_1_259' title='bbox 637 4093 717 4144; x_wconf 78' lang='lat' dir='ltr'>quem</span> <span class='ocrx_word' id='word_1_260' title='bbox 729 4084 757 4128; x_wconf 85' lang='lat' dir='ltr'>et</span> <span class='ocrx_word' id='word_1_261' title='bbox 767 4092 815 4128; x_wconf 82' lang='lat' dir='ltr'>uos</span> <span class='ocrx_word' id='word_1_262' title='bbox 824 4074 906 4130; x_wconf 82' lang='lat' dir='ltr'>secuti</span> <span class='ocrx_word' id='word_1_263' title='bbox 917 4095 1027 4142; x_wconf 75' lang='lat' dir='ltr'>sumus,</span> <span class='ocrx_word' id='word_1_264' title='bbox 1040 4074 1214 4144; x_wconf 75' lang='lat' dir='ltr'>Jcni‘l&#39;empl.</span> 
     </span>
     <span class='ocr_line' id='line_1_32' title="bbox 142 4156 371 4228; baseline 0.004 -17"><span class='ocrx_word' id='word_1_265' title='bbox 142 4156 237 4211; x_wconf 71' lang='lat' dir='ltr'>Rem.</span> <span class='ocrx_word' id='word_1_266' title='bbox 247 4178 306 4228; x_wconf 72' lang='lat' dir='ltr'>pag.</span> <span class='ocrx_word' id='word_1_267' title='bbox 315 4159 371 4212; x_wconf 64' lang='lat'>32&amp;</span> 
     </span>
    </p>
   </div>
   <div class='ocr_carea' id='block_1_5' title="bbox 175 4248 559 4321">
    <p class='ocr_par' dir='ltr' id='par_1_6' title="bbox 175 4248 559 4321">
     <span class='ocr_line' id='line_1_33' title="bbox 175 4248 559 4321; baseline 0.003 -17"><span class='ocrx_word' id='word_1_268' title='bbox 175 4252 188 4282; x_wconf 88' lang='lat'>²</span> <span class='ocrx_word' id='word_1_269' title='bbox 206 4250 247 4304; x_wconf 82' lang='lat' dir='ltr'>De</span> <span class='ocrx_word' id='word_1_270' title='bbox 261 4248 357 4307; x_wconf 80' lang='lat' dir='ltr'>Cenot.</span> <span class='ocrx_word' id='word_1_271' title='bbox 371 4251 422 4305; x_wconf 81' lang='lat' dir='ltr'>Pis.</span> <span class='ocrx_word' id='word_1_272' title='bbox 434 4269 490 4321; x_wconf 70' lang='lat' dir='ltr'>pag.</span> <span class='ocrx_word' id='word_1_273' title='bbox 506 4251 559 4305; x_wconf 60' lang='lat'>18&amp;</span> 
     </span>
    </p>
   </div>
   <div class='ocr_carea' id='block_1_6' title="bbox 0 0 1584 5134">
    <p class='ocr_par' dir='ltr' id='par_1_7' title="bbox 0 0 1584 5134">
     <span class='ocr_line' id='line_1_34' title="bbox 0 0 1584 5134; baseline 0 1"><span class='ocrx_word' id='word_1_274' title='bbox 0 0 1584 5134; x_wconf 95' lang='lat' dir='ltr'> </span> 
     </span>
    </p>
   </div>
  </div>
 </body>
</html>
