<?xml version="1.0" encoding="UTF-8"?>
<!DOCTYPE html PUBLIC "-//W3C//DTD XHTML 1.0 Transitional//EN"
    "http://www.w3.org/TR/xhtml1/DTD/xhtml1-transitional.dtd">
<html xmlns="http://www.w3.org/1999/xhtml" xml:lang="en" lang="en">
 <head>
  <title>
</title>
<meta http-equiv="Content-Type" content="text/html;charset=utf-8" />
  <meta name='ocr-system' content='tesseract 3.04.00' />
  <meta name='ocr-capabilities' content='ocr_page ocr_carea ocr_par ocr_line ocrx_word'/>
</head>
<body>
  <div class='ocr_page' id='page_1' title='image "./publiusovidiusn00giergoog/publiusovidiusn00giergoog_0369.png"; bbox 0 0 3159 5134; ppageno 0'>
   <div class='ocr_carea' id='block_1_1' title="bbox 404 531 1251 632">
    <p class='ocr_par' dir='ltr' id='par_1_1' title="bbox 404 531 1251 632">
     <span class='ocr_line' id='line_1_1' title="bbox 404 531 1251 632; baseline 0.007 -32"><span class='ocrx_word' id='word_1_1' title='bbox 404 533 473 601; x_wconf 86' lang='lat' dir='ltr'>DE</span> <span class='ocrx_word' id='word_1_2' title='bbox 496 533 536 599; x_wconf 82' lang='grc' dir='ltr'>Ρ.</span> <span class='ocrx_word' id='word_1_3' title='bbox 563 531 768 601; x_wconf 82' lang='lat' dir='ltr'>OVIDIO</span> <span class='ocrx_word' id='word_1_4' title='bbox 790 535 823 603; x_wconf 88' lang='lat' dir='ltr'>N</span> <span class='ocrx_word' id='word_1_5' title='bbox 831 532 1019 604; x_wconf 84' lang='lat' dir='ltr'>ASONE.</span> <span class='ocrx_word' id='word_1_6' title='bbox 1183 540 1251 632; x_wconf 85' lang='lat'>359</span> 
     </span>
    </p>
   </div>
   <div class='ocr_carea' id='block_1_2' title="bbox 173 674 1331 1523">
    <p class='ocr_par' dir='ltr' id='par_1_2' title="bbox 173 674 1331 1523">
     <span class='ocr_line' id='line_1_2' title="bbox 173 674 1250 770; baseline 0.005 -29"><span class='ocrx_word' id='word_1_7' title='bbox 173 676 256 770; x_wconf 68' lang='lat'>962.</span> <span class='ocrx_word' id='word_1_8' title='bbox 272 675 366 742; x_wconf 82' lang='lat' dir='ltr'>Alios</span> <span class='ocrx_word' id='word_1_9' title='bbox 381 686 545 743; x_wconf 81' lang='lat' dir='ltr'>memoret</span> <span class='ocrx_word' id='word_1_10' title='bbox 559 674 753 743; x_wconf 82' lang='lat' dir='ltr'>Hurduinus</span> <span class='ocrx_word' id='word_1_11' title='bbox 770 679 806 742; x_wconf 91' lang='lat' dir='ltr'>in</span> <span class='ocrx_word' id='word_1_12' title='bbox 822 680 934 744; x_wconf 87' lang='lat' dir='ltr'>numis</span> <span class='ocrx_word' id='word_1_13' title='bbox 948 677 1086 744; x_wconf 88' lang='lat' dir='ltr'>urbium</span> <span class='ocrx_word' id='word_1_14' title='bbox 1101 679 1250 748; x_wconf 81' lang='lat' dir='ltr'>illustre·</span> 
     </span>
     <span class='ocr_line' id='line_1_3' title="bbox 174 783 1251 876; baseline 0.002 -24"><span class='ocrx_word' id='word_1_15' title='bbox 174 788 231 852; x_wconf 88' lang='lat' dir='ltr'>tis.</span> <span class='ocrx_word' id='word_1_16' title='bbox 249 783 368 876; x_wconf 81' lang='lat' dir='ltr'>Neque</span> <span class='ocrx_word' id='word_1_17' title='bbox 384 806 465 850; x_wconf 82' lang='lat' dir='ltr'>vero</span> <span class='ocrx_word' id='word_1_18' title='bbox 481 806 594 865; x_wconf 83' lang='lat' dir='ltr'>exeo,</span> <span class='ocrx_word' id='word_1_19' title='bbox 613 783 706 875; x_wconf 80' lang='lat' dir='ltr'>quud</span> <span class='ocrx_word' id='word_1_20' title='bbox 722 783 808 851; x_wconf 87' lang='lat' dir='ltr'>nulli</span> <span class='ocrx_word' id='word_1_21' title='bbox 825 798 953 852; x_wconf 83' lang='lat' dir='ltr'>exstant</span> <span class='ocrx_word' id='word_1_22' title='bbox 968 788 1140 854; x_wconf 86' lang='lat' dir='ltr'>Tumituni</span> <span class='ocrx_word' id='word_1_23' title='bbox 1155 790 1251 854; x_wconf 87' lang='lat' dir='ltr'>numi</span> 
     </span>
     <span class='ocr_line' id='line_1_4' title="bbox 175 893 1250 985; baseline 0 -23"><span class='ocrx_word' id='word_1_24' title='bbox 175 896 403 985; x_wconf 79' lang='lat' dir='ltr'>Augustorum</span> <span class='ocrx_word' id='word_1_25' title='bbox 421 893 542 960; x_wconf 90' lang='lat' dir='ltr'>honori</span> <span class='ocrx_word' id='word_1_26' title='bbox 561 895 708 985; x_wconf 76' lang='lat' dir='ltr'>percussi</span> <span class='ocrx_word' id='word_1_27' title='bbox 728 906 804 962; x_wconf 80' lang='lat' dir='ltr'>ante</span> <span class='ocrx_word' id='word_1_28' title='bbox 826 897 1025 978; x_wconf 76' lang='lat' dir='ltr'>Troianum,</span> <span class='ocrx_word' id='word_1_29' title='bbox 1050 906 1141 963; x_wconf 86' lang='lat' dir='ltr'>recte</span> <span class='ocrx_word' id='word_1_30' title='bbox 1155 896 1250 963; x_wconf 84' lang='lat' dir='ltr'>colli-</span> 
     </span>
     <span class='ocr_line' id='line_1_5' title="bbox 174 1002 1252 1094; baseline 0.002 -25"><span class='ocrx_word' id='word_1_31' title='bbox 174 1025 242 1094; x_wconf 77' lang='lat' dir='ltr'>gas,</span> <span class='ocrx_word' id='word_1_32' title='bbox 251 1003 447 1069; x_wconf 75' lang='lat' dir='ltr'>Tomitanus</span> <span class='ocrx_word' id='word_1_33' title='bbox 458 1024 525 1069; x_wconf 89' lang='lat' dir='ltr'>non</span> <span class='ocrx_word' id='word_1_34' title='bbox 535 1004 681 1094; x_wconf 76' lang='lat' dir='ltr'>paruisse</span> <span class='ocrx_word' id='word_1_35' title='bbox 690 1003 833 1094; x_wconf 87' lang='lat' dir='ltr'>imperio</span> <span class='ocrx_word' id='word_1_36' title='bbox 843 1002 1005 1083; x_wconf 82' lang='lat' dir='ltr'>Romano,</span> <span class='ocrx_word' id='word_1_37' title='bbox 1018 1002 1161 1093; x_wconf 80' lang='lat' dir='ltr'><strong>Augusti</strong></span> <span class='ocrx_word' id='word_1_38' title='bbox 1170 1015 1252 1071; x_wconf 88' lang='lat' dir='ltr'>tem·</span> 
     </span>
     <span class='ocr_line' id='line_1_6' title="bbox 175 1109 1250 1203; baseline 0.003 -27"><span class='ocrx_word' id='word_1_39' title='bbox 175 1133 279 1202; x_wconf 82' lang='lat' dir='ltr'>pore,</span> <span class='ocrx_word' id='word_1_40' title='bbox 297 1133 402 1203; x_wconf 83' lang='lat' dir='ltr'>quum</span> <span class='ocrx_word' id='word_1_41' title='bbox 411 1109 599 1202; x_wconf 85' lang='lat' dir='ltr'>ablegatum</span> <span class='ocrx_word' id='word_1_42' title='bbox 610 1111 717 1178; x_wconf 87' lang='lat' dir='ltr'>illoub</span> <span class='ocrx_word' id='word_1_43' title='bbox 731 1113 882 1203; x_wconf 78' lang='lat' dir='ltr'>Augusto</span> <span class='ocrx_word' id='word_1_44' title='bbox 895 1109 1058 1178; x_wconf 85' lang='lat' dir='ltr'>Ovidium</span> <span class='ocrx_word' id='word_1_45' title='bbox 1071 1114 1140 1203; x_wconf 87' lang='lat' dir='ltr'>ipse</span> <span class='ocrx_word' id='word_1_46' title='bbox 1151 1125 1250 1203; x_wconf 76' lang='lat' dir='ltr'>poeto</span> 
     </span>
     <span class='ocr_line' id='line_1_7' title="bbox 176 1219 1331 1313; baseline 0.004 -30"><span class='ocrx_word' id='word_1_47' title='bbox 176 1241 245 1285; x_wconf 90' lang='lat' dir='ltr'>non</span> <span class='ocrx_word' id='word_1_48' title='bbox 257 1222 404 1310; x_wconf 80' lang='lat' dir='ltr'>patiatur</span> <span class='ocrx_word' id='word_1_49' title='bbox 415 1243 475 1286; x_wconf 88' lang='lat' dir='ltr'>nos</span> <span class='ocrx_word' id='word_1_50' title='bbox 489 1219 657 1287; x_wconf 79' lang='lat' dir='ltr'>dubitare.</span> <span class='ocrx_word' id='word_1_51' title='bbox 676 1219 839 1290; x_wconf 79' lang='lat' dir='ltr'>Exsilium</span> <span class='ocrx_word' id='word_1_52' title='bbox 855 1244 935 1288; x_wconf 84' lang='lat' dir='ltr'>vcro</span> <span class='ocrx_word' id='word_1_53' title='bbox 952 1224 1062 1312; x_wconf 87' lang='lat' dir='ltr'>ipsum</span> <span class='ocrx_word' id='word_1_54' title='bbox 1079 1221 1250 1313; x_wconf 72' lang='lat' dir='ltr'>indignius</span> <span class='ocrx_word' id='word_1_55' title='bbox 1325 1269 1331 1282; x_wconf 86' lang='lat'><strong>.</strong></span> 
     </span>
     <span class='ocr_line' id='line_1_8' title="bbox 176 1326 1250 1424; baseline 0.007 -32"><span class='ocrx_word' id='word_1_56' title='bbox 176 1326 242 1395; x_wconf 85' lang='lat' dir='ltr'>sert</span> <span class='ocrx_word' id='word_1_57' title='bbox 255 1327 446 1395; x_wconf 89' lang='lat' dir='ltr'>Baudius¹</span> <span class='ocrx_word' id='word_1_58' title='bbox 437 1354 472 1400; x_wconf 88' lang='grc' dir='ltr'>ιιι</span> <span class='ocrx_word' id='word_1_59' title='bbox 483 1328 646 1421; x_wconf 79' lang='lat' dir='ltr'>femsgine</span> <span class='ocrx_word' id='word_1_60' title='bbox 658 1332 843 1397; x_wconf 74' lang='lat' dir='ltr'>carminum</span> <span class='ocrx_word' id='word_1_61' title='bbox 851 1355 951 1423; x_wconf 84' lang='lat' dir='ltr'>‚.pag</span> <span class='ocrx_word' id='word_1_62' title='bbox 964 1331 1250 1424; x_wconf 73' lang='lat' dir='ltr'>631,quamipse</span> 
     </span>
     <span class='ocr_line' id='line_1_9' title="bbox 177 1435 744 1523; baseline 0.017 -25"><span class='ocrx_word' id='word_1_63' title='bbox 177 1435 258 1501; x_wconf 90' lang='lat' dir='ltr'>tulit</span> <span class='ocrx_word' id='word_1_64' title='bbox 271 1436 428 1506; x_wconf 83' lang='lat' dir='ltr'>Ovidius.</span> <span class='ocrx_word' id='word_1_65' title='bbox 448 1439 496 1505; x_wconf 86' lang='lat' dir='ltr'>Eo</span> <span class='ocrx_word' id='word_1_66' title='bbox 508 1440 598 1505; x_wconf 86' lang='lat' dir='ltr'>enim</span> <span class='ocrx_word' id='word_1_67' title='bbox 610 1436 744 1523; x_wconf 86' lang='lat' dir='ltr'>judice:</span> 
     </span>
    </p>
   </div>
   <div class='ocr_carea' id='block_1_3' title="bbox 339 1600 1135 2680">
    <p class='ocr_par' dir='ltr' id='par_1_3' title="bbox 340 1600 1037 1770">
     <span class='ocr_line' id='line_1_10' title="bbox 340 1600 1037 1672; baseline 0.006 -17"><span class='ocrx_word' id='word_1_68' title='bbox 340 1600 420 1655; x_wconf 80' lang='lat' dir='ltr'>Nulla</span> <span class='ocrx_word' id='word_1_69' title='bbox 432 1611 518 1672; x_wconf 83' lang='lat' dir='ltr'>potest</span> <span class='ocrx_word' id='word_1_70' title='bbox 530 1611 632 1656; x_wconf 70' lang='lat' dir='ltr'>tanum</span> <span class='ocrx_word' id='word_1_71' title='bbox 648 1600 782 1658; x_wconf 77' lang='lat' dir='ltr'>feritatem</span> <span class='ocrx_word' id='word_1_72' title='bbox 793 1604 933 1660; x_wconf 79' lang='lat' dir='ltr'>obvolvere</span> <span class='ocrx_word' id='word_1_73' title='bbox 944 1623 1037 1672; x_wconf 86' lang='lat' dir='ltr'>causa,</span> 
     </span>
     <span class='ocr_line' id='line_1_11' title="bbox 375 1690 896 1770; baseline 0.004 -23"><span class='ocrx_word' id='word_1_74' title='bbox 375 1690 470 1747; x_wconf 90' lang='lat' dir='ltr'>Nullus</span> <span class='ocrx_word' id='word_1_75' title='bbox 482 1692 589 1770; x_wconf 67' lang='lat' dir='ltr'>patricia</span> <span class='ocrx_word' id='word_1_76' title='bbox 603 1693 680 1747; x_wconf 89' lang='lat' dir='ltr'>fictus</span> <span class='ocrx_word' id='word_1_77' title='bbox 691 1694 723 1747; x_wconf 83' lang='lat' dir='ltr'>ab</span> <span class='ocrx_word' id='word_1_78' title='bbox 734 1705 789 1748; x_wconf 86' lang='lat' dir='ltr'>arte</span> <span class='ocrx_word' id='word_1_79' title='bbox 803 1693 875 1749; x_wconf 89' lang='lat' dir='ltr'>color</span> <span class='ocrx_word' id='word_1_80' title='bbox 889 1717 896 1760; x_wconf 77' lang='lat'><em>3</em></span> 
     </span>
    </p>

    <p class='ocr_par' dir='ltr' id='par_1_4' title="bbox 344 1777 1135 1945">
     <span class='ocr_line' id='line_1_12' title="bbox 344 1777 1135 1858; baseline 0.006 -21"><span class='ocrx_word' id='word_1_81' title='bbox 344 1782 397 1837; x_wconf 88' lang='lat' dir='ltr'>Seu</span> <span class='ocrx_word' id='word_1_82' title='bbox 411 1781 481 1853; x_wconf 83' lang='lat' dir='ltr'>quod</span> <span class='ocrx_word' id='word_1_83' title='bbox 494 1803 584 1839; x_wconf 78' lang='lat' dir='ltr'>ornare</span> <span class='ocrx_word' id='word_1_84' title='bbox 595 1783 690 1853; x_wconf 88' lang='lat' dir='ltr'>doces,</span> <span class='ocrx_word' id='word_1_85' title='bbox 701 1777 839 1841; x_wconf 84' lang='lat' dir='ltr'>submotus</span> <span class='ocrx_word' id='word_1_86' title='bbox 850 1786 882 1839; x_wconf 83' lang='lat' dir='ltr'>ab</span> <span class='ocrx_word' id='word_1_87' title='bbox 894 1786 959 1841; x_wconf 83' lang='lat' dir='ltr'>urbe</span> <span class='ocrx_word' id='word_1_88' title='bbox 972 1787 1080 1858; x_wconf 85' lang='lat' dir='ltr'>Quirini</span> <span class='ocrx_word' id='word_1_89' title='bbox 1094 1806 1135 1855; x_wconf 81' lang='lat' dir='ltr'>es,</span> 
     </span>
     <span class='ocr_line' id='line_1_13' title="bbox 376 1874 916 1945; baseline 0 -17"><span class='ocrx_word' id='word_1_90' title='bbox 376 1874 438 1929; x_wconf 84' lang='lat' dir='ltr'>Sive</span> <span class='ocrx_word' id='word_1_91' title='bbox 452 1874 524 1945; x_wconf 90' lang='lat' dir='ltr'>quod</span> <span class='ocrx_word' id='word_1_92' title='bbox 536 1894 662 1932; x_wconf 78' lang='lat' dir='ltr'>amanum</span> <span class='ocrx_word' id='word_1_93' title='bbox 673 1875 770 1931; x_wconf 78' lang='lat' dir='ltr'>videris</span> <span class='ocrx_word' id='word_1_94' title='bbox 781 1875 916 1931; x_wconf 80' lang='lat' dir='ltr'>horribile.</span> 
     </span>
    </p>

    <p class='ocr_par' dir='ltr' id='par_1_5' title="bbox 344 1965 1109 2126">
     <span class='ocr_line' id='line_1_14' title="bbox 344 1965 1109 2040; baseline 0.004 -22"><span class='ocrx_word' id='word_1_95' title='bbox 344 1965 413 2019; x_wconf 81' lang='lat' dir='ltr'>Nam</span> <span class='ocrx_word' id='word_1_96' title='bbox 425 1966 496 2036; x_wconf 80' lang='lat' dir='ltr'>qnod</span> <span class='ocrx_word' id='word_1_97' title='bbox 508 1977 534 2021; x_wconf 90' lang='lat' dir='ltr'>te</span> <span class='ocrx_word' id='word_1_98' title='bbox 546 1977 699 2021; x_wconf 86' lang='lat' dir='ltr'>memorant</span> <span class='ocrx_word' id='word_1_99' title='bbox 709 1966 828 2022; x_wconf 80' lang='lat' dir='ltr'>sobolem</span> <span class='ocrx_word' id='word_1_100' title='bbox 839 1977 979 2021; x_wconf 79' lang='lat' dir='ltr'>temerasse</span> <span class='ocrx_word' id='word_1_101' title='bbox 990 1966 1109 2040; x_wconf 82' lang='lat' dir='ltr'>tyranni,</span> 
     </span>
     <span class='ocr_line' id='line_1_15' title="bbox 372 2055 930 2126; baseline 0.002 -17"><span class='ocrx_word' id='word_1_102' title='bbox 372 2055 492 2126; x_wconf 76' lang='lat' dir='ltr'>Suspicio</span> <span class='ocrx_word' id='word_1_103' title='bbox 503 2057 531 2110; x_wconf 89' lang='lat' dir='ltr'>in</span> <span class='ocrx_word' id='word_1_104' title='bbox 543 2075 631 2111; x_wconf 86' lang='lat' dir='ltr'>mores</span> <span class='ocrx_word' id='word_1_105' title='bbox 644 2076 701 2112; x_wconf 88' lang='lat' dir='ltr'>non</span> <span class='ocrx_word' id='word_1_106' title='bbox 713 2056 782 2112; x_wconf 85' lang='lat' dir='ltr'>cadit</span> <span class='ocrx_word' id='word_1_107' title='bbox 792 2057 840 2110; x_wconf 88' lang='lat' dir='ltr'>ista</span> <span class='ocrx_word' id='word_1_108' title='bbox 852 2067 930 2122; x_wconf 83' lang='lat' dir='ltr'>tuos;</span> 
     </span>
    </p>

    <p class='ocr_par' dir='ltr' id='par_1_6' title="bbox 339 2148 1021 2310">
     <span class='ocr_line' id='line_1_16' title="bbox 339 2148 1021 2219; baseline -0.007 -11"><span class='ocrx_word' id='word_1_109' title='bbox 339 2150 399 2208; x_wconf 83' lang='lat' dir='ltr'>Nec</span> <span class='ocrx_word' id='word_1_110' title='bbox 410 2168 491 2205; x_wconf 87' lang='lat' dir='ltr'>reor:</span> <span class='ocrx_word' id='word_1_111' title='bbox 503 2160 560 2205; x_wconf 86' lang='lat' dir='ltr'>esto</span> <span class='ocrx_word' id='word_1_112' title='bbox 575 2160 680 2219; x_wconf 63' lang='lat' dir='ltr'>tamem</span> <span class='ocrx_word' id='word_1_113' title='bbox 697 2149 777 2205; x_wconf 79' lang='lat' dir='ltr'>bresit</span> <span class='ocrx_word' id='word_1_114' title='bbox 790 2150 837 2204; x_wconf 90' lang='lat' dir='ltr'>tibi</span> <span class='ocrx_word' id='word_1_115' title='bbox 847 2149 917 2204; x_wconf 82' lang='lat' dir='ltr'>Jolis</span> <span class='ocrx_word' id='word_1_116' title='bbox 929 2148 1021 2217; x_wconf 84' lang='lat' dir='ltr'>cordi,</span> 
     </span>
     <span class='ocr_line' id='line_1_17' title="bbox 373 2240 948 2310; baseline 0.002 -15"><span class='ocrx_word' id='word_1_117' title='bbox 373 2240 446 2295; x_wconf 86' lang='lat' dir='ltr'>Julia</span> <span class='ocrx_word' id='word_1_118' title='bbox 458 2251 513 2295; x_wconf 85' lang='lat' dir='ltr'>tarn</span> <span class='ocrx_word' id='word_1_119' title='bbox 527 2241 616 2295; x_wconf 89' lang='lat' dir='ltr'>multis</span> <span class='ocrx_word' id='word_1_120' title='bbox 627 2240 764 2296; x_wconf 81' lang='lat' dir='ltr'>nobilitata</span> <span class='ocrx_word' id='word_1_121' title='bbox 773 2241 876 2310; x_wconf 82' lang='lat' dir='ltr'>procis,</span> <span class='ocrx_word' id='word_1_122' title='bbox 888 2250 948 2296; x_wconf 74' lang='lat' dir='ltr'>eto</span> 
     </span>
    </p>

    <p class='ocr_par' dir='ltr' id='par_1_7' title="bbox 343 2315 979 2491">
     <span class='ocr_line' id='line_1_18' title="bbox 343 2315 979 2388; baseline 0 -3"><span class='ocrx_word' id='word_1_123' title='bbox 343 2331 478 2387; x_wconf 65' lang='lat' dir='ltr'>tuumne</span> <span class='ocrx_word' id='word_1_124' title='bbox 494 2333 596 2388; x_wconf 67' lang='lat' dir='ltr'>roms,</span> <span class='ocrx_word' id='word_1_125' title='bbox 607 2332 750 2388; x_wconf 67' lang='lat' dir='ltr'>transmisi</span> <span class='ocrx_word' id='word_1_126' title='bbox 766 2315 883 2388; x_wconf 60' lang='lat' dir='ltr'>nolim</span> <span class='ocrx_word' id='word_1_127' title='bbox 900 2331 979 2387; x_wconf 67' lang='lat' dir='ltr'>suen</span> 
     </span>
     <span class='ocr_line' id='line_1_19' title="bbox 375 2422 897 2491; baseline -0.002 -15"><span class='ocrx_word' id='word_1_128' title='bbox 375 2422 478 2477; x_wconf 81' lang='lat' dir='ltr'>Debuit</span> <span class='ocrx_word' id='word_1_129' title='bbox 491 2462 499 2491; x_wconf 89' lang='lat'>,</span> <span class='ocrx_word' id='word_1_130' title='bbox 515 2435 542 2478; x_wconf 90' lang='lat' dir='ltr'>et</span> <span class='ocrx_word' id='word_1_131' title='bbox 555 2424 643 2478; x_wconf 84' lang='lat' dir='ltr'>Latios</span> <span class='ocrx_word' id='word_1_132' title='bbox 654 2422 799 2478; x_wconf 87' lang='lat' dir='ltr'>deseruisse</span> <span class='ocrx_word' id='word_1_133' title='bbox 811 2422 897 2478; x_wconf 83' lang='lat' dir='ltr'>lares?</span> 
     </span>
    </p>

    <p class='ocr_par' dir='ltr' id='par_1_8' title="bbox 344 2514 1038 2680">
     <span class='ocr_line' id='line_1_20' title="bbox 344 2514 1027 2586; baseline 0 -17"><span class='ocrx_word' id='word_1_134' title='bbox 344 2516 400 2570; x_wconf 88' lang='lat' dir='ltr'>Nec</span> <span class='ocrx_word' id='word_1_135' title='bbox 412 2515 489 2569; x_wconf 85' lang='lat' dir='ltr'>venia</span> <span class='ocrx_word' id='word_1_136' title='bbox 502 2516 598 2586; x_wconf 77' lang='lat' dir='ltr'>dignus</span> <span class='ocrx_word' id='word_1_137' title='bbox 611 2514 663 2569; x_wconf 87' lang='lat' dir='ltr'>luit</span> <span class='ocrx_word' id='word_1_138' title='bbox 676 2515 746 2571; x_wconf 87' lang='lat' dir='ltr'>inter</span> <span class='ocrx_word' id='word_1_139' title='bbox 755 2517 853 2586; x_wconf 85' lang='lat' dir='ltr'>probra</span> <span class='ocrx_word' id='word_1_140' title='bbox 865 2525 919 2583; x_wconf 87' lang='lat' dir='ltr'>tot,</span> <span class='ocrx_word' id='word_1_141' title='bbox 941 2534 1027 2583; x_wconf 89' lang='lat' dir='ltr'>unus,</span> 
     </span>
     <span class='ocr_line' id='line_1_21' title="bbox 374 2608 1038 2680; baseline 0 -18"><span class='ocrx_word' id='word_1_142' title='bbox 374 2609 410 2664; x_wconf 85' lang='lat' dir='ltr'>Et</span> <span class='ocrx_word' id='word_1_143' title='bbox 422 2620 510 2676; x_wconf 78' lang='lat' dir='ltr'>vates,</span> <span class='ocrx_word' id='word_1_144' title='bbox 522 2619 549 2663; x_wconf 85' lang='lat' dir='ltr'>et</span> <span class='ocrx_word' id='word_1_145' title='bbox 561 2628 668 2677; x_wconf 79' lang='lat' dir='ltr'>amans,</span> <span class='ocrx_word' id='word_1_146' title='bbox 684 2620 711 2663; x_wconf 87' lang='lat' dir='ltr'>et</span> <span class='ocrx_word' id='word_1_147' title='bbox 722 2628 865 2679; x_wconf 75' lang='lat' dir='ltr'>generosus</span> <span class='ocrx_word' id='word_1_148' title='bbox 876 2608 977 2680; x_wconf 80' lang='lat' dir='ltr'>eques?</span> <span class='ocrx_word' id='word_1_149' title='bbox 989 2619 1038 2665; x_wconf 89' lang='lat' dir='ltr'>etc.</span> 
     </span>
    </p>
   </div>
   <div class='ocr_carea' id='block_1_4' title="bbox 178 2751 1180 2848">
    <p class='ocr_par' dir='ltr' id='par_1_9' title="bbox 178 2751 1180 2848">
     <span class='ocr_line' id='line_1_22' title="bbox 178 2751 1180 2848; baseline -0.001 -28"><span class='ocrx_word' id='word_1_150' title='bbox 178 2751 285 2820; x_wconf 77' lang='lat' dir='ltr'>Aliud</span> <span class='ocrx_word' id='word_1_151' title='bbox 298 2754 406 2819; x_wconf 81' lang='lat' dir='ltr'>visum</span> <span class='ocrx_word' id='word_1_152' title='bbox 419 2755 548 2820; x_wconf 86' lang='lat' dir='ltr'>auctori</span> <span class='ocrx_word' id='word_1_153' title='bbox 564 2753 747 2821; x_wconf 81' lang='lat' dir='ltr'>hexastichi</span> <span class='ocrx_word' id='word_1_154' title='bbox 755 2804 766 2838; x_wconf 91' lang='lat'>‚</span> <span class='ocrx_word' id='word_1_155' title='bbox 785 2752 877 2848; x_wconf 83' lang='lat' dir='ltr'>quod</span> <span class='ocrx_word' id='word_1_156' title='bbox 895 2751 981 2821; x_wconf 82' lang='lat' dir='ltr'>infra</span> <span class='ocrx_word' id='word_1_157' title='bbox 996 2751 1155 2845; x_wconf 85' lang='lat' dir='ltr'>adscripsi</span> <span class='ocrx_word' id='word_1_158' title='bbox 1172 2779 1180 2819; x_wconf 90' lang='lat'>:</span> 
     </span>
    </p>
   </div>
   <div class='ocr_carea' id='block_1_5' title="bbox 342 2921 992 3453">
    <p class='ocr_par' dir='ltr' id='par_1_10' title="bbox 342 2921 976 3084">
     <span class='ocr_line' id='line_1_23' title="bbox 342 2921 976 2992; baseline -0.002 -16"><span class='ocrx_word' id='word_1_159' title='bbox 342 2921 386 2976; x_wconf 86' lang='lat' dir='ltr'>Tu</span> <span class='ocrx_word' id='word_1_160' title='bbox 398 2922 443 2992; x_wconf 86' lang='lat' dir='ltr'>qni</span> <span class='ocrx_word' id='word_1_161' title='bbox 454 2922 585 2992; x_wconf 77' lang='lat' dir='ltr'>virgineos</span> <span class='ocrx_word' id='word_1_162' title='bbox 596 2923 729 2977; x_wconf 71' lang='lat' dir='ltr'>temerasti</span> <span class='ocrx_word' id='word_1_163' title='bbox 740 2922 857 2976; x_wconf 80' lang='lat' dir='ltr'>carmine</span> <span class='ocrx_word' id='word_1_164' title='bbox 872 2922 976 2989; x_wconf 79' lang='lat' dir='ltr'>vultus,</span> 
     </span>
     <span class='ocr_line' id='line_1_24' title="bbox 375 3009 950 3084; baseline -0.003 -16"><span class='ocrx_word' id='word_1_165' title='bbox 375 3009 463 3068; x_wconf 88' lang='lat' dir='ltr'>Deme</span> <span class='ocrx_word' id='word_1_166' title='bbox 478 3013 529 3067; x_wconf 91' lang='lat' dir='ltr'>tuis</span> <span class='ocrx_word' id='word_1_167' title='bbox 541 3014 645 3080; x_wconf 88' lang='lat' dir='ltr'>lauros,</span> <span class='ocrx_word' id='word_1_168' title='bbox 658 3024 727 3068; x_wconf 83' lang='lat' dir='ltr'>serta</span> <span class='ocrx_word' id='word_1_169' title='bbox 738 3013 849 3084; x_wconf 83' lang='lat' dir='ltr'>pudica,</span> <span class='ocrx_word' id='word_1_170' title='bbox 861 3014 950 3068; x_wconf 87' lang='lat' dir='ltr'>comis.</span> 
     </span>
    </p>

    <p class='ocr_par' dir='ltr' id='par_1_11' title="bbox 345 3105 991 3268">
     <span class='ocr_line' id='line_1_25' title="bbox 345 3105 965 3177; baseline -0.002 -16"><span class='ocrx_word' id='word_1_171' title='bbox 345 3106 397 3161; x_wconf 82' lang='lat' dir='ltr'>Ista</span> <span class='ocrx_word' id='word_1_172' title='bbox 410 3105 506 3160; x_wconf 84' lang='lat' dir='ltr'>decent</span> <span class='ocrx_word' id='word_1_173' title='bbox 518 3116 600 3160; x_wconf 87' lang='lat' dir='ltr'>castos</span> <span class='ocrx_word' id='word_1_174' title='bbox 612 3106 752 3161; x_wconf 88' lang='lat' dir='ltr'>Heliconia</span> <span class='ocrx_word' id='word_1_175' title='bbox 764 3106 839 3177; x_wconf 77' lang='lat' dir='ltr'>signa</span> <span class='ocrx_word' id='word_1_176' title='bbox 854 3117 944 3176; x_wconf 89' lang='lat' dir='ltr'>poetas</span> <span class='ocrx_word' id='word_1_177' title='bbox 958 3125 965 3160; x_wconf 76' lang='grc' dir='ltr'>ι</span> 
     </span>
     <span class='ocr_line' id='line_1_26' title="bbox 382 3196 991 3268; baseline 0.003 -17"><span class='ocrx_word' id='word_1_178' title='bbox 382 3196 510 3253; x_wconf 84' lang='lat' dir='ltr'>Sarmatis</span> <span class='ocrx_word' id='word_1_179' title='bbox 520 3197 602 3252; x_wconf 87' lang='lat' dir='ltr'>herba</span> <span class='ocrx_word' id='word_1_180' title='bbox 614 3207 693 3267; x_wconf 84' lang='lat' dir='ltr'>caput</span> <span class='ocrx_word' id='word_1_181' title='bbox 704 3197 792 3268; x_wconf 80' lang='lat' dir='ltr'>cingat</span> <span class='ocrx_word' id='word_1_182' title='bbox 804 3217 892 3252; x_wconf 78' lang='lat' dir='ltr'>amara</span> <span class='ocrx_word' id='word_1_183' title='bbox 905 3208 991 3253; x_wconf 87' lang='lat' dir='ltr'>tuum.</span> 
     </span>
    </p>

    <p class='ocr_par' dir='ltr' id='par_1_12' title="bbox 348 3287 992 3453">
     <span class='ocr_line' id='line_1_27' title="bbox 348 3287 992 3361; baseline 0.002 -19"><span class='ocrx_word' id='word_1_184' title='bbox 348 3287 435 3344; x_wconf 83' lang='lat' dir='ltr'>Cedat</span> <span class='ocrx_word' id='word_1_185' title='bbox 450 3288 583 3361; x_wconf 75' lang='lat' dir='ltr'>Pegasidis</span> <span class='ocrx_word' id='word_1_186' title='bbox 595 3290 676 3344; x_wconf 87' lang='lat' dir='ltr'>Ponti</span> <span class='ocrx_word' id='word_1_187' title='bbox 686 3288 833 3343; x_wconf 84' lang='lat' dir='ltr'>mittendus</span> <span class='ocrx_word' id='word_1_188' title='bbox 845 3288 878 3343; x_wconf 84' lang='lat' dir='ltr'>ad</span> <span class='ocrx_word' id='word_1_189' title='bbox 893 3289 992 3357; x_wconf 88' lang='lat' dir='ltr'>undas,</span> 
     </span>
     <span class='ocr_line' id='line_1_28' title="bbox 380 3379 864 3453; baseline -0.004 -18"><span class='ocrx_word' id='word_1_190' title='bbox 380 3381 493 3453; x_wconf 69' lang='lat' dir='ltr'>Ingenio</span> <span class='ocrx_word' id='word_1_191' title='bbox 504 3380 581 3453; x_wconf 84' lang='lat' dir='ltr'>periit</span> <span class='ocrx_word' id='word_1_192' title='bbox 591 3382 637 3451; x_wconf 88' lang='lat' dir='ltr'>qui</span> <span class='ocrx_word' id='word_1_193' title='bbox 650 3379 734 3435; x_wconf 87' lang='lat' dir='ltr'>malus</span> <span class='ocrx_word' id='word_1_194' title='bbox 743 3381 799 3451; x_wconf 82' lang='lat' dir='ltr'>ipse</span> <span class='ocrx_word' id='word_1_195' title='bbox 807 3399 864 3434; x_wconf 89' lang='lat' dir='ltr'>suo.</span> 
     </span>
    </p>
   </div>
   <div class='ocr_carea' id='block_1_6' title="bbox 182 3525 1256 3627">
    <p class='ocr_par' dir='ltr' id='par_1_13' title="bbox 182 3525 1256 3627">
     <span class='ocr_line' id='line_1_29' title="bbox 182 3525 1256 3627; baseline -0.002 -33"><span class='ocrx_word' id='word_1_196' title='bbox 182 3532 263 3627; x_wconf 79' lang='lat' dir='ltr'>Quae</span> <span class='ocrx_word' id='word_1_197' title='bbox 270 3528 312 3597; x_wconf 91' lang='lat' dir='ltr'>de</span> <span class='ocrx_word' id='word_1_198' title='bbox 323 3529 446 3596; x_wconf 77' lang='lat' dir='ltr'>calamo</span> <span class='ocrx_word' id='word_1_199' title='bbox 456 3538 468 3564; x_wconf 85' lang='lat'><em>²</em></span> <span class='ocrx_word' id='word_1_200' title='bbox 477 3531 546 3613; x_wconf 84' lang='lat' dir='ltr'>ejus</span> <span class='ocrx_word' id='word_1_201' title='bbox 558 3541 713 3620; x_wconf 80' lang='lat' dir='ltr'>argenteo</span> <span class='ocrx_word' id='word_1_202' title='bbox 725 3540 758 3594; x_wconf 91' lang='lat' dir='ltr'>et</span> <span class='ocrx_word' id='word_1_203' title='bbox 770 3525 948 3620; x_wconf 85' lang='lat' dir='ltr'>sepulchro</span> <span class='ocrx_word' id='word_1_204' title='bbox 963 3528 998 3591; x_wconf 89' lang='lat' dir='ltr'>in</span> <span class='ocrx_word' id='word_1_205' title='bbox 1012 3527 1256 3619; x_wconf 85' lang='lat' dir='ltr'>Moscisreper·</span> 
     </span>
    </p>
   </div>
   <div class='ocr_carea' id='block_1_7' title="bbox 184 3718 1266 4386">
    <p class='ocr_par' dir='ltr' id='par_1_14' title="bbox 184 3718 1262 3875">
     <span class='ocr_line' id='line_1_30' title="bbox 218 3718 1262 3791; baseline -0.001 -18"><span class='ocrx_word' id='word_1_206' title='bbox 218 3722 226 3752; x_wconf 91' lang='lat'><strong>¹</strong></span> <span class='ocrx_word' id='word_1_207' title='bbox 245 3718 349 3774; x_wconf 86' lang='lat' dir='ltr'>Baudio</span> <span class='ocrx_word' id='word_1_208' title='bbox 367 3719 518 3790; x_wconf 74' lang='lat' dir='ltr'>jungendus</span> <span class='ocrx_word' id='word_1_209' title='bbox 536 3719 627 3776; x_wconf 82' lang='lat' dir='ltr'>Gallus</span> <span class='ocrx_word' id='word_1_210' title='bbox 642 3720 754 3791; x_wconf 80' lang='lat' dir='ltr'>scriptor</span> <span class='ocrx_word' id='word_1_211' title='bbox 768 3720 810 3774; x_wconf 87' lang='grc' dir='ltr'>Μ.</span> <span class='ocrx_word' id='word_1_212' title='bbox 822 3722 969 3776; x_wconf 80' lang='lat' dir='ltr'>Beslardes</span> <span class='ocrx_word' id='word_1_213' title='bbox 984 3719 1013 3773; x_wconf 91' lang='lat' dir='ltr'>in</span> <span class='ocrx_word' id='word_1_214' title='bbox 1030 3718 1098 3773; x_wconf 89' lang='lat' dir='ltr'>libro</span> <span class='ocrx_word' id='word_1_215' title='bbox 1117 3718 1221 3773; x_wconf 83' lang='lat' dir='ltr'>Parisiis</span> <span class='ocrx_word' id='word_1_216' title='bbox 1233 3727 1262 3775; x_wconf 85' lang='lat' dir='ltr'>et</span> 
     </span>
     <span class='ocr_line' id='line_1_31' title="bbox 184 3802 1122 3875; baseline -0.001 -19"><span class='ocrx_word' id='word_1_217' title='bbox 184 3802 295 3856; x_wconf 78' lang='lat' dir='ltr'>Amstel</span> <span class='ocrx_word' id='word_1_218' title='bbox 310 3806 391 3874; x_wconf 82' lang='lat'>1715,</span> <span class='ocrx_word' id='word_1_219' title='bbox 408 3802 505 3869; x_wconf 71' lang='grc' dir='ltr'>ιιι-ιι,</span> <span class='ocrx_word' id='word_1_220' title='bbox 517 3802 607 3870; x_wconf 81' lang='lat' dir='ltr'>edito,</span> <span class='ocrx_word' id='word_1_221' title='bbox 624 3802 1018 3875; x_wconf 74' lang='lat' dir='ltr'>I’Artdenepoiots&#39;suouyer,</span> <span class='ocrx_word' id='word_1_222' title='bbox 1031 3822 1086 3873; x_wconf 80' lang='lat' dir='ltr'>cap.</span> <span class='ocrx_word' id='word_1_223' title='bbox 1100 3804 1122 3855; x_wconf 81' lang='lat'>5.</span> 
     </span>
    </p>

    <p class='ocr_par' dir='ltr' id='par_1_15' title="bbox 184 3881 1266 4386">
     <span class='ocr_line' id='line_1_32' title="bbox 218 3881 1265 3950; baseline 0 -3"><span class='ocrx_word' id='word_1_224' title='bbox 218 3893 283 3948; x_wconf 82' lang='lat' dir='ltr'>²De</span> <span class='ocrx_word' id='word_1_225' title='bbox 300 3881 401 3948; x_wconf 78' lang='lat' dir='ltr'>calamo</span> <span class='ocrx_word' id='word_1_226' title='bbox 413 3892 505 3948; x_wconf 81' lang='lat' dir='ltr'>Ovidii</span> <span class='ocrx_word' id='word_1_227' title='bbox 518 3894 574 3948; x_wconf 71' lang='lat' dir='ltr'>boc</span> <span class='ocrx_word' id='word_1_228' title='bbox 586 3894 717 3949; x_wconf 87' lang='lat' dir='ltr'>Hercules</span> <span class='ocrx_word' id='word_1_229' title='bbox 730 3893 859 3950; x_wconf 84' lang='lat' dir='ltr'>Ciosanus</span> <span class='ocrx_word' id='word_1_230' title='bbox 876 3894 905 3949; x_wconf 86' lang='lat' dir='ltr'>in</span> <span class='ocrx_word' id='word_1_231' title='bbox 923 3892 1016 3948; x_wconf 81' lang='lat' dir='ltr'>Ovidii</span> <span class='ocrx_word' id='word_1_232' title='bbox 1028 3893 1082 3949; x_wconf 82' lang='lat' dir='ltr'>vita</span> <span class='ocrx_word' id='word_1_233' title='bbox 1102 3914 1109 3948; x_wconf 78' lang='lat' dir='ltr'><strong><em>z</em></strong></span> <span class='ocrx_word' id='word_1_234' title='bbox 1128 3916 1142 3940; x_wconf 73' lang='grc' dir='ltr'><strong>α</strong></span> <span class='ocrx_word' id='word_1_235' title='bbox 1155 3893 1265 3949; x_wconf 81' lang='lat' dir='ltr'>[sabella</span> 
     </span>
     <span class='ocr_line' id='line_1_33' title="bbox 184 3973 1264 4048; baseline 0.002 -16"><span class='ocrx_word' id='word_1_236' title='bbox 184 3976 332 4034; x_wconf 76' lang='lat' dir='ltr'>Pannoniae</span> <span class='ocrx_word' id='word_1_237' title='bbox 343 3977 434 4046; x_wconf 66' lang='lat' dir='ltr'>regina</span> <span class='ocrx_word' id='word_1_238' title='bbox 449 3973 554 4030; x_wconf 85' lang='lat' dir='ltr'>circiter</span> <span class='ocrx_word' id='word_1_239' title='bbox 563 3994 664 4031; x_wconf 88' lang='lat' dir='ltr'>annum</span> <span class='ocrx_word' id='word_1_240' title='bbox 676 3980 740 4045; x_wconf 74' lang='lat'>1540</span> <span class='ocrx_word' id='word_1_241' title='bbox 752 4017 762 4044; x_wconf 85' lang='lat'>‚</span> <span class='ocrx_word' id='word_1_242' title='bbox 775 3977 867 4033; x_wconf 82' lang='lat' dir='ltr'>Ovidii</span> <span class='ocrx_word' id='word_1_243' title='bbox 881 3976 1012 4034; x_wconf 85' lang='lat' dir='ltr'>calamum</span> <span class='ocrx_word' id='word_1_244' title='bbox 1023 3997 1056 4032; x_wconf 77' lang='lat' dir='ltr'>es</span> <span class='ocrx_word' id='word_1_245' title='bbox 1067 3987 1177 4048; x_wconf 62' lang='lat' dir='ltr'>argento</span> <span class='ocrx_word' id='word_1_246' title='bbox 1189 3977 1264 4034; x_wconf 78' lang='lat' dir='ltr'>Tast-</span> 
     </span>
     <span class='ocr_line' id='line_1_34' title="bbox 185 4058 1264 4132; baseline 0.003 -19"><span class='ocrx_word' id='word_1_247' title='bbox 185 4061 264 4127; x_wconf 85' lang='lat' dir='ltr'>roni,</span> <span class='ocrx_word' id='word_1_248' title='bbox 281 4080 339 4131; x_wconf 80' lang='lat' dir='ltr'>qute</span> <span class='ocrx_word' id='word_1_249' title='bbox 349 4070 390 4115; x_wconf 86' lang='lat' dir='ltr'>est</span> <span class='ocrx_word' id='word_1_250' title='bbox 401 4061 465 4115; x_wconf 90' lang='lat' dir='ltr'>urbs</span> <span class='ocrx_word' id='word_1_251' title='bbox 477 4058 612 4114; x_wconf 77' lang='lat' dir='ltr'>inferioris</span> <span class='ocrx_word' id='word_1_252' title='bbox 624 4061 788 4128; x_wconf 71' lang='lat' dir='ltr'>Pannonius,</span> <span class='ocrx_word' id='word_1_253' title='bbox 801 4062 918 4117; x_wconf 83' lang='lat' dir='ltr'>ostendit</span> <span class='ocrx_word' id='word_1_254' title='bbox 927 4063 1009 4117; x_wconf 89' lang='lat' dir='ltr'>Petro</span> <span class='ocrx_word' id='word_1_255' title='bbox 1022 4061 1126 4132; x_wconf 71' lang='lat' dir='ltr'>Angelo</span> <span class='ocrx_word' id='word_1_256' title='bbox 1137 4062 1264 4131; x_wconf 63' lang='lat' dir='ltr'>Bagou,</span> 
     </span>
     <span class='ocr_line' id='line_1_35' title="bbox 185 4140 1264 4215; baseline -0.002 -17"><span class='ocrx_word' id='word_1_257' title='bbox 185 4145 231 4214; x_wconf 87' lang='lat' dir='ltr'>qui</span> <span class='ocrx_word' id='word_1_258' title='bbox 243 4143 294 4199; x_wconf 86' lang='lat' dir='ltr'>boc</span> <span class='ocrx_word' id='word_1_259' title='bbox 304 4144 391 4215; x_wconf 77' lang='lat' dir='ltr'>ipsum</span> <span class='ocrx_word' id='word_1_260' title='bbox 406 4143 472 4198; x_wconf 89' lang='lat' dir='ltr'>mibi</span> <span class='ocrx_word' id='word_1_261' title='bbox 484 4143 617 4210; x_wconf 84' lang='lat' dir='ltr'>narravit,</span> <span class='ocrx_word' id='word_1_262' title='bbox 630 4140 692 4197; x_wconf 80' lang='lat' dir='ltr'>cum</span> <span class='ocrx_word' id='word_1_263' title='bbox 707 4143 756 4198; x_wconf 80' lang='lat' dir='ltr'>bac</span> <span class='ocrx_word' id='word_1_264' title='bbox 773 4144 943 4215; x_wconf 84' lang='lat' dir='ltr'>inscriptione</span> <span class='ocrx_word' id='word_1_265' title='bbox 961 4164 968 4197; x_wconf 76' lang='grc' dir='ltr'><strong>ε</strong></span> <span class='ocrx_word' id='word_1_266' title='bbox 988 4146 1077 4200; x_wconf 74' lang='lat' dir='ltr'>Orsilir&#39;</span> <span class='ocrx_word' id='word_1_267' title='bbox 1086 4146 1201 4200; x_wconf 74' lang='lat' dir='ltr'>Nasoos‘s</span> <span class='ocrx_word' id='word_1_268' title='bbox 1212 4163 1264 4196; x_wconf 85' lang='lat' dir='ltr'>ca-</span> 
     </span>
     <span class='ocr_line' id='line_1_36' title="bbox 184 4226 1266 4300; baseline -0.001 -21"><span class='ocrx_word' id='word_1_269' title='bbox 184 4231 288 4294; x_wconf 74' lang='lat' dir='ltr'>lasius,</span> <span class='ocrx_word' id='word_1_270' title='bbox 308 4229 355 4299; x_wconf 80' lang='lat' dir='ltr'>qui</span> <span class='ocrx_word' id='word_1_271' title='bbox 373 4248 430 4283; x_wconf 91' lang='lat' dir='ltr'>non</span> <span class='ocrx_word' id='word_1_272' title='bbox 449 4228 536 4284; x_wconf 88' lang='lat' dir='ltr'>multo</span> <span class='ocrx_word' id='word_1_273' title='bbox 554 4238 615 4282; x_wconf 87' lang='lat' dir='ltr'>ante</span> <span class='ocrx_word' id='word_1_274' title='bbox 638 4227 665 4282; x_wconf 91' lang='lat' dir='ltr'>id</span> <span class='ocrx_word' id='word_1_275' title='bbox 683 4238 788 4298; x_wconf 82' lang='lat' dir='ltr'>tempus</span> <span class='ocrx_word' id='word_1_276' title='bbox 805 4230 855 4284; x_wconf 89' lang='lat' dir='ltr'>sub</span> <span class='ocrx_word' id='word_1_277' title='bbox 871 4228 1027 4300; x_wconf 84' lang='lat' dir='ltr'>quibusdam</span> <span class='ocrx_word' id='word_1_278' title='bbox 1045 4227 1161 4298; x_wconf 85' lang='lat' dir='ltr'>antiquis</span> <span class='ocrx_word' id='word_1_279' title='bbox 1181 4226 1266 4282; x_wconf 88' lang='lat' dir='ltr'>ruinis</span> 
     </span>
     <span class='ocr_line' id='line_1_37' title="bbox 184 4312 1265 4386; baseline 0 -19"><span class='ocrx_word' id='word_1_280' title='bbox 184 4315 274 4369; x_wconf 82' lang='lat' dir='ltr'>iuerat</span> <span class='ocrx_word' id='word_1_281' title='bbox 286 4325 414 4386; x_wconf 83' lang='lat' dir='ltr'>repertus.</span> <span class='ocrx_word' id='word_1_282' title='bbox 429 4315 501 4370; x_wconf 84' lang='lat' dir='ltr'>Eum</span> <span class='ocrx_word' id='word_1_283' title='bbox 513 4313 606 4385; x_wconf 68' lang='lat' dir='ltr'>regina</span> <span class='ocrx_word' id='word_1_284' title='bbox 619 4312 672 4384; x_wconf 80' lang='lat' dir='ltr'>ipsa</span> <span class='ocrx_word' id='word_1_285' title='bbox 687 4312 795 4383; x_wconf 83' lang='lat' dir='ltr'>plurimi</span> <span class='ocrx_word' id='word_1_286' title='bbox 814 4314 940 4380; x_wconf 77' lang='lat' dir='ltr'>faciebat,</span> <span class='ocrx_word' id='word_1_287' title='bbox 960 4324 988 4368; x_wconf 87' lang='lat' dir='ltr'>et</span> <span class='ocrx_word' id='word_1_288' title='bbox 997 4315 1079 4369; x_wconf 79' lang='lat' dir='ltr'>veluti</span> <span class='ocrx_word' id='word_1_289' title='bbox 1096 4332 1153 4369; x_wconf 84' lang='lat' dir='ltr'>rem</span> <span class='ocrx_word' id='word_1_290' title='bbox 1164 4331 1265 4368; x_wconf 85' lang='lat' dir='ltr'>sacram</span> 
     </span>
    </p>
   </div>
   <div class='ocr_carea' id='block_1_8' title="bbox 0 0 1600 5134">
    <p class='ocr_par' dir='ltr' id='par_1_16' title="bbox 0 0 1600 5134">
     <span class='ocr_line' id='line_1_38' title="bbox 0 0 1600 5134; baseline 0 0"><span class='ocrx_word' id='word_1_291' title='bbox 0 0 1600 5134; x_wconf 95' lang='lat' dir='ltr'> </span> 
     </span>
    </p>
   </div>
  </div>
 </body>
</html>
