3159 5134
368 509 428 593 140
551 523 555 530 ·
686 513 726 577 r.
757 510 943 577 ov1u11
975 509 1105 575 vms

525 649 580 700 Nee
592 666 657 717 quos
668 647 786 717 piniferis
797 647 893 716 positos
902 647 931 700 in
944 651 1052 701 collibus
1062 648 1148 699 &aas

555 737 661 806 Spectat
672 737 808 791 Flaminio
821 740 912 791 Clodaia
922 739 1012 804 iuncta
1026 737 1082 789 rie„

529 831 607 900 Quos
621 849 670 899 ego
682 830 769 883 neseio
782 829 824 882 cui
836 829 903 883 colui
913 850 919 891 ;
930 830 1025 898 quibus
1032 830 1086 897 ipse
1098 827 1213 882 solebam

561 919 604 972 Ad
618 932 672 974 sata
681 920 804 973 fontanas
815 920 827 988 (
837 939 886 974 net
898 919 998 989 pudet)
1012 918 1108 972 addere
1124 938 1211 988 aquas.

525 1009 595 1063 Sunt
607 1010 659 1076 ibi,
672 1010 693 1064 si
706 1012 813 1076 vivunt,
825 1021 915 1063 nostra
925 1028 1028 1079 quoque
1038 1012 1139 1064 oonsita
1149 1010 1303 1080 quondm,

558 1102 611 1156 Sed
624 1121 679 1155 uon
695 1113 722 1156 et
734 1114 825 1154 nostra
837 1120 916 1171 poma
928 1100 1039 1170 legenda
1051 1119 1141 1154 manu.

367 1218 638 1293 Piuiseroshosee
648 1217 767 1306 colles,
779 1217 1150 1319 inquibussitifuerunt
1159 1218 1304 1293 Nasonis
1318 1227 1327 1257 ¹
1340 1217 1433 1291 horti

369 1334 420 1409 (ΖΙ.
441 1336 513 1409 ttie.
530 1335 688 1408 Heinsius
700 1335 741 1407 de
754 1336 922 1433 Apenmim
933 1332 1092 1429 iutelligit
1102 1353 1234 1422 moute,
1249 1334 1307 1435 qui
1320 1333 1436 1408 etiam·

364 1480 446 1525 uum
459 1450 754 1550 frequentissimam
772 1451 887 1550 pinum
905 1449 987 1535 fert,
1005 1469 1038 1523 et
1053 1479 1113 1552 per
1129 1479 1244 1551 quem,
1258 1468 1299 1524 ut
1315 1467 1433 1552 putat,

370 1562 484 1639 Clodia
500 1564 550 1637 via
568 1563 794 1637 deducebatur
810 1567 916 1637 Romo
931 1566 1055 1638 Lucam
1071 1595 1188 1667 usque.
1206 1568 1327 1640 Verum
1344 1565 1434 1640 veri·

366 1680 473 1754 simile
493 1709 561 1753 uon
585 1697 657 1766 est,
675 1679 759 1754 hauc
785 1681 867 1753 viam
885 1706 945 1780 per
960 1680 1173 1781 Apenninum
1188 1709 1259 1755 esse
1277 1680 1431 1770 ductam,

369 1824 459 1896 qua,
473 1797 646 1870 Antonino
658 1796 823 1882 tradente,
836 1823 896 1896 per
908 1798 1088 1882 Arretini,
1104 1797 1295 1872 Florentt'crea
1307 1823 1344 1869 ac
1360 1797 1433 1871 Pt's-

371 1909 481 1981 torium
492 1908 618 1983 serebat
626 1910 755 1983 Locren.
772 1911 835 1982 Vix
845 1910 943 1983 etiam
957 1909 1151 1984 crediderim
1165 1909 1348 1985 Ovidiauos
1359 1910 1436 1985 hor-

371 2040 425 2097 tos
443 2040 508 2097 tam
525 2023 622 2120 lunge
641 2026 747 2098 Roma
764 2042 909 2098 remotos
926 2025 1047 2111 suisse3
1065 2053 1166 2125 quum
1181 2023 1218 2097 id
1233 2051 1337 2119 genus
1351 2022 1437 2096 ‹teti-

373 2140 440 2213 eias
455 2139 599 2213 solerent
621 2141 765 2214 Romani
782 2169 888 2242 prope
906 2141 1023 2214 urbem
1038 2141 1178 2228 habere,
1196 2157 1235 2214 ut
1251 2168 1293 2213 eo
1306 2136 1437 2213 facilius

374 2255 580 2344 secederent,
598 2255 648 2328 vel
663 2256 757 2342 inde,
776 2257 911 2356 quando
923 2256 1069 2347 luberet,
1084 2259 1222 2331 Romam
1234 2272 1436 2357 repetereut3

374 2370 650 2470 quemadmodum
678 2371 798 2471 stipsi
829 2372 953 2446 ovidio
976 2400 1048 2446 mos
1065 2388 1150 2459 erat,
1167 2370 1268 2444 Trist.
1293 2368 1351 2445 lib.
1376 2370 1437 2456 lv,

373 2484 467 2581 Eieg.
487 2506 572 2574 vul,
591 2515 672 2560 vers.
692 2487 761 2559 25:

535 2633 652 2701 Tempus
664 2643 734 2699 erat,
750 2653 800 2689 uec
811 2653 856 2689 me
866 2634 1036 2706 peregrinum
1047 2632 1143 2688 ducere
1154 2632 1262 2700 celum,
1275 2642 1323 2688 eto

537 2722 589 2777 sed
601 2722 697 2791 modo,
710 2744 775 2794 quos
786 2725 879 2793 habui,
893 2744 1003 2780 vacuum
1016 2723 1137 2779 secedere
1147 2724 1175 2777 iu
1187 2722 1295 2777 hortos:

542 2865 544 2870 ,
569 2816 647 2870 Nune
658 2815 798 2870 homiuum
808 2817 865 2871 visu
878 2836 967 2870 rursus
979 2826 1006 2869 et
1018 2815 1082 2868 urbe
1093 2814 1155 2867 snei.

378 2927 441 3002 His
457 2928 492 3001 iu
515 2929 622 3003 hortis
648 2959 781 3033 operam
811 2931 1011 3005 carminibus
1038 2930 1193 3019 navabat,
1210 2929 1311 3003 Trist.
1329 2927 1388 3002 lib.
1405 2929 1440 3018 1,

377 3041 470 3138 Eleg.
491 3043 550 3119 ult.
567 3073 647 3119 vers.
666 3046 735 3146 37:

542 3191 603 3245 Non
614 3190 670 3246 hec
681 3191 709 3245 iu
720 3196 828 3255 nostres,
848 3203 878 3247 ut
889 3191 1042 3262 quondam,
1056 3193 1284 3246 scre‘h‘mshortr's.

378 3306 525 3379 Tandem
543 3306 584 3381 de
601 3308 715 3381 suoin
731 3336 847 3403 genere
861 3336 962 3383 censu
975 3309 1044 3383 haec
1057 3308 1098 3383 ad
1114 3309 1305 3404 Augustum
1315 3305 1442 3384 habet:

378 3422 478 3497 Trist
495 3421 554 3496 lib.
572 3426 624 3510 ll,
644 3451 725 3498 vers.
750 3452 818 3498 110
835 3455 922 3528 sqq:

573 3570 657 3622 Pam
668 3569 774 3639 quidem
786 3572 879 3642 periit,
896 3572 942 3627 sed
954 3574 1010 3627 siue
1022 3571 1094 3637 labe,
1108 3573 1205 3624 lom.

540 3657 585 3712 Sic
594 3677 697 3730 quoque
705 3680 787 3728 pana
798 3673 885 3716 tamen
893 3701 901 3729 ‚
909 3668 994 3732 patrio
1002 3662 1105 3716 dicatur
1116 3671 1146 3714 ut
1157 3681 1209 3716 eoo

575 3748 689 3818 Culta,
702 3770 750 3807 nec
764 3751 841 3807 ullius
851 3756 984 3808 nobilitate
991 3752 1096 3807 minor:

416 3918 424 3948 ¹
443 3915 500 3968 Hos
522 3913 612 3970 Orielii
635 3919 719 3971 hortos
742 3917 855 3973 Nardiui
876 3918 984 3973 collocat
1001 3909 1074 3972 haud
1097 3916 1174 3987 louge
1193 3915 1311 3969 aPonte
1333 3912 1447 3978 Mein

381 4017 406 4068 p.
418 3999 475 4064 485.
488 3999 574 4067 Prope
591 3998 663 4055 hune
676 4003 791 4056 Pontem
803 4002 871 4057 iutra
884 4003 937 4057 vias
950 4002 1129 4068 Florentiam,
1143 4010 1171 4054 et
1187 4000 1320 4052 lanum
1341 3995 1447 4050 duceu-

382 4093 437 4148 tes,
454 4095 659 4138 mouumentum
676 4105 717 4139 au.
738 4087 818 4156 1674,
836 4098 971 4158 repertum
989 4087 1042 4142 tuit
1059 4082 1239 4157 sepulchral„
1264 4081 1297 4135 ad
1314 4083 1446 4135 Nasam

380 4165 506 4221 familiam
518 4169 667 4238 pertinens,
676 4180 707 4223 ut
716 4189 747 4224 ex
757 4170 950 4242 Inscriptionib.
960 4182 1047 4244 patet¹
1061 4190 1125 4242 quaa
1136 4187 1199 4225 eum
1209 4166 1303 4223 ieonib.
1310 4163 1394 4220 edidit
1400 4170 1450 4231 „et

383 4251 452 4307 notis
462 4251 566 4305 ornarit
577 4249 619 4306 Gi.
628 4254 761 4332 Bellorins.
