3159 5134
459 564 557 632 PER
580 566 612 631 J.
640 560 865 632 MASSON.
1134 564 1195 631 185

121 722 224 806 prout
240 702 454 805 deinceps'ex
467 704 639 806 prioribus
655 702 859 779 carminibus
874 697 982 803 palam
997 700 1075 794 fiet)
1094 702 1197 804 siqui-

123 821 196 895 dem
217 820 260 895 de
287 821 441 895 Romano
463 820 748 922 loqncusnauta,
769 846 891 919 quem,
919 815 977 891 ubi
995 817 1137 917 primum
1156 817 1198 890 ad

122 940 271 1013 Pontum
297 938 476 1041 adpulerit,
494 967 528 1014 se
544 938 615 1013 fore
631 940 914 1033 interrogatorum
935 934 999 1022 ait,
1017 936 1087 1009 bac
1114 937 1196 1010 sub·

120 1054 233 1153 jungit
249 1082 332 1128 vers.
354 1051 465 1147 45-48
481 1084 490 1126 :

289 1227 330 1295 ls,
343 1245 452 1296 precor,
466 1226 567 1281 auditos
579 1228 660 1296 possit
671 1247 778 1282 narrare
791 1228 938 1298 triumphos

322 1316 446 1386 Cascis,
459 1329 487 1372 et
498 1318 573 1372 Latio
584 1317 688 1373 reddita
700 1330 761 1373 vota
773 1319 852 1374 Jovi:

285 1410 395 1479 Teque,
409 1414 570 1473 nullane,
583 1409 709 1479 tandem,
725 1414 876 1475 Germania,
898 1412 989 1483 magni

318 1502 404 1556 Triste
417 1512 494 1572 caput
505 1500 615 1571 pedibus
626 1503 789 1572 subposuisse
801 1508 891 1576 dacrfs:

123 1642 245 1742 quibus
265 1644 401 1718 nonnisi
427 1644 610 1720 Germaniae
634 1645 851 1722 rebellionem
877 1648 944 1721 hoc
971 1674 1059 1721 anno
1085 1646 1127 1717 U.
1155 1646 1192 1718 ss

122 1774 264 1831 ucctxll
288 1757 355 1856 jam
376 1758 491 1833 adulto
511 1760 702 1852 excitatam,
720 1791 785 1862 qua
812 1760 922 1836 Varus
946 1789 1021 1837 cum
1051 1758 1193 1834 exercitu

121 1875 219 1975 periit
237 1884 262 1963 ¹,
274 1875 443 1973 designare
456 1880 546 1952 Naso
558 1879 688 1980 potuit3
703 1909 805 1981 quum
816 1881 918 1955 aban
934 1882 976 1954 U.
990 1882 1027 1955 G
1044 1895 1187 1963 ltccux,

122 2021 188 2093 quo
203 2021 272 2094 pax
287 2021 362 2067 cum
380 1995 628 2070 Marcomannis
651 1996 756 2083 facta,
776 1996 924 2070 adhunc
942 2023 1047 2098 usquc
1068 2022 1192 2069 aunum

122 2106 210 2182 nulla
231 2109 474 2185 Germanorum
491 2110 630 2187 rebellio
646 2112 736 2213 apud
756 2112 945 2187 Historicos
970 2127 1191 2196 memoretur;

121 2241 236 2324 atque,
254 2225 371 2298 Tacito
389 2235 402 2264 ²
419 2244 521 2316 teste,
541 2261 558 2293 «
577 2226 705 2303 bellum
722 2257 759 2304 ea
773 2226 1109 2331 tempestatenullum
1124 2224 1191 2301 nisi

126 2375 143 2404 »
160 2341 318 2416 adversus
338 2343 522 2417 Germanos
540 2363 729 2448 supererat,
747 2346 956 2425 absolvenda
977 2346 1081 2442 magis
1105 2345 1192 2419 iula-

125 2489 141 2520 υ
159 2456 233 2530 miae
253 2458 300 2532 ob
318 2459 476 2534 amissum
493 2487 568 2534 cum
585 2460 753 2559 Quintilio
769 2462 861 2537 Varo
876 2463 1074 2552 exercitum,
1092 2491 1191 2564 quam

124 2602 141 2635 a
159 2571 317 2672 cupidine
329 2574 520 2674 proferendi
535 2574 686 2677 imperii,
703 2594 764 2652 ete.
778 2612 796 2643 »

166 2690 276 2787 Igitur
291 2691 341 2766 vel
352 2693 431 2766 binc
445 2712 589 2782 constat,
605 2693 765 2771 Ovidium
771 2710 846 2795 post
859 2694 903 2768 V
895 2695 1032 2770 ananan
1047 2693 1187 2779 cladem,
1284 2710 1290 2719 “

120 2834 185 2879 nou
207 2833 287 2880 vcro
308 2823 396 2893 ante,
421 2827 461 2883 ut
476 2835 647 2910 perperam
668 2809 708 2883 cl.
727 2810 882 2885 Norisius
904 2811 1085 2886 autumavit
1104 2807 1137 2898 ³,
1154 2810 1189 2882 in

121 2921 271 2997 exsilium
284 2923 415 2998 abiisse.
431 2925 563 3002 Etenim
577 2926 606 3000 si
618 2928 742 3002 Noster
756 2954 848 3005 anno,
857 2926 899 3001 U.
922 2930 958 3002 C.
976 2945 1121 3014 necent,
1136 2955 1188 3000 re·

120 3037 247 3135 legatus
262 3040 396 3131 finisset,
415 3059 453 3117 ut
469 3043 680 3118 doctissimus
697 3043 752 3118 ille
768 3044 819 3118 rir
834 3045 1005 3132 censebat,
1019 3047 1078 3144 qui
1094 3046 1184 3119 Naso

120 3159 285 3256 potuisset
296 3161 448 3261 proximo
467 3190 540 3236 vere
553 3159 610 3236 illa
624 3160 782 3249 scribere,
799 3160 991 3264 bellumque
1008 3159 1092 3234 illud
1106 3161 1188 3234 Ger-

120 3274 304 3369 manicum,
320 3276 508 3376 predictam
522 3273 645 3355 cladem
659 3276 894 3368 subsecutum,
914 3277 1116 3352 memorare?

165 3394 227 3465 lv,
257 3395 471 3488 Argumentis
488 3422 553 3495 pro
569 3411 684 3469 nostra
707 3396 870 3471 sententia
893 3394 1115 3470 militantibus
1140 3384 1198 3469 sic'

119 3508 190 3583 susc
216 3508 387 3599 deductis,
412 3511 468 3584 hic
484 3510 712 3587 discutiendus
737 3529 887 3613 superest
909 3539 997 3586 unus
1018 3528 1076 3585 aut
1104 3509 1187 3584 alter

118 3627 205 3728 apud
228 3624 389 3703 Nostrum
415 3625 527 3716 locus,
546 3656 644 3730 quem
666 3627 813 3724 Scaliger
832 3626 917 3702 male
934 3626 999 3701 suit
1022 3627 1187 3727 iuterpre-

117 3757 225 3827 tatus,
243 3770 282 3814 ac
307 3742 459 3817 Norisius
485 3743 519 3816 in
544 3742 713 3844 opinionis
741 3770 809 3815 sua
830 3758 980 3816 tutamen
1005 3740 1183 3815 advocavit.

119 3856 260 3932 Ovidius
284 3856 442 3932 nimirum
468 3887 579 3947 suam,
606 3886 671 3960 qua
699 3858 891 3959 deportatus
908 3875 973 3946 est,
993 3874 1121 3931 etatem
1139 3857 1185 3933 sic

118 3970 293 4062 describit,
313 3991 351 4047 ut
366 3975 582 4078 quinquaginta
598 3992 726 4049 tantum
741 4002 848 4049 annos
865 3990 936 4049 tum
953 3971 1016 4049 sibi
1033 3989 1186 4073 peractos

64 4172 65 4175 ’
148 4163 1044 4243 ¹Viderntrempttteaer.sect.IV‚cap.vu1‚pag.391,401.
1122 4246 1126 4259 Ι

147 4257 161 4288 ²
176 4256 273 4310 Annal
286 4255 329 4311 lib.
341 4258 373 4325 l,
386 4278 442 4329 cap.
456 4259 479 4312 3.

149 4345 160 4380 ³
174 4348 217 4404 De
231 4347 328 4405 Cenot.
342 4350 394 4406 Pis.
406 4370 463 4422 pag.
477 4370 533 4406 ποι.
566 4415 569 4419 ,
