3159 5134
372 555 432 598 ιιι
701 534 740 597 Ρ.
776 530 953 599 OVIDII
979 531 1113 598 VITA

365 701 446 749 sam.
466 672 506 746 td
526 673 612 745 enim
629 687 696 747 n'on
723 673 846 748 evincit
867 672 986 746 Statius
1008 673 1051 748 ab
1068 689 1213 774 utroque
1235 669 1277 745 cl.
1307 671 1380 746 viru
1408 673 1447 747 iu
1520 679 1523 684 ’

370 791 514 866 medium
524 789 689 892 prolatus,
707 792 811 891 etqui
824 789 916 865 solus
930 790 1065 891 quidem
1078 790 1175 865 istius
1188 790 1359 894 opinionis
1359 790 1447 889 fim

370 905 429 977 dus
454 905 627 984 Rubenio.
653 905 723 1004 ejus
745 903 903 980 assertori
927 903 1058 1005 primo,
1076 903 1207 978 dicitur.
1237 901 1298 978 llle
1320 902 1380 978 lili.
1399 906 1447 992 V,

368 1017 457 1121 Sylv.
472 1039 518 1108 11,
537 1020 607 1094 haee
624 1020 666 1093 ad
683 1020 900 1121 Crispinum:

533 1152 577 1207 sic
589 1163 632 1218 te,
645 1151 713 1204 dare
725 1171 807 1221 puer,
821 1151 943 1221 genitum
954 1149 1003 1203 sibi
1015 1149 1197 1215 enumerent,

537 1241 680 1311 Primaque
690 1248 800 1310 patritia
810 1241 901 1296 clausit
913 1240 1020 1310 vestigia
1033 1242 1123 1293 Lina:

534 1333 600 1385 Μοι
612 1332 708 1404 Tyrios
720 1353 752 1386 ex
764 1352 839 1387 more
851 1333 938 1397 sinus,
953 1330 1122 1399 tunicamque
1133 1338 1270 1399 potentem

530 1423 671 1493 Agnovere
684 1424 805 1487 humeri3

368 1541 447 1628 ubi,
465 1558 561 1615 notat
573 1541 751 1615 Rubenius
763 1550 785 1628 ¹,
804 1573 822 1605 «
838 1567 908 1613 nou
922 1538 1062 1612 dubium
1073 1555 1138 1628 est,
1149 1565 1210 1640 per
1222 1538 1335 1644 Tyrr‘os
1346 1538 1442 1626 stitus,

373 1691 391 1723 u
411 1674 601 1759 praetextum
619 1653 780 1758 puerilem
796 1684 804 1742 ;
823 1683 883 1756 per
898 1655 1030 1728 tunium
1041 1670 1218 1756 potentem,
1247 1653 1446 1730 laticlaviam

373 1805 391 1836 »
411 1770 584 1866 designari.
601 1804 619 1835 »
637 1768 828 1869 Crispinum
841 1785 950 1843 autem
965 1786 1044 1841 tune
1058 1768 1217 1870 temporis
1229 1769 1379 1842 noudum
1393 1769 1445 1842 vi-

369 1888 462 1963 rilem
480 1906 591 1983 togam
608 1887 783 1975 sumsisse,
801 1885 881 1961 satis
893 1886 941 1960 ait
956 1915 994 1960 eu
1012 1885 1054 1961 iis
1070 1915 1143 1987 quae
1155 1905 1341 1989 sequuntur
1353 1915 1445 1962 com-

370 2020 502 2105 pertum
517 2032 525 2077 t

535 2125 591 2179 Nec
602 2125 696 2179 saltem
711 2125 808 2179 teneris
820 2135 923 2179 ostrum
936 2123 1036 2195 puerile
1047 2122 1148 2179 lacertis

534 2215 631 2282 Exuit,
645 2213 794 2284 albentique
807 2214 933 2269 humeros
943 2214 1047 2269 induxit
1058 2215 1164 2270 amictu.

369 2333 417 2405 Ar
432 2359 528 2419 vero,
542 2347 582 2404 ut
595 2329 720 2430 optime
732 2331 855 2425 regerit
865 2330 1033 2420 Ferrarius
1045 2337 1070 2420 ²,
1082 2348 1182 2433 poete
1193 2347 1363 2433 postremo
1375 2331 1442 2407 huc

370 2443 446 2519 luco
454 2446 670 2547 conqueritur
680 2463 828 2548 ereptum
839 2445 917 2522 fatis
925 2465 1113 2549 parentem,
1128 2448 1345 2550 quumadbuc
1359 2477 1443 2549 puer

370 2581 457 2637 esset
482 2562 683 2663 Crispinus,
712 2579 746 2636 et
761 2579 998 2663 praetextatus3
1026 2581 1126 2667 atque
1141 2564 1188 2638 ita
1206 2592 1275 2638 nun
1292 2565 1443 2666 potuisse

370 2678 528 2753 interesse
542 2675 602 2751 {ilii
622 2677 795 2766 tirocinio,
812 2696 847 2753 et
864 2698 949 2776 togae
964 2679 1069 2754 virilis
1086 2678 1299 2755 solemnitati.
1325 2680 1444 2753 Pruri-

370 2797 432 2870 mis
449 2797 536 2871 euim
550 2795 719 2871 versieulis
737 2797 864 2872 Statius
879 2798 1062 2872 cecinerat:

532 2944 588 2998 Nec
599 2949 697 3012 fferitor
707 2945 779 3012 juxta
792 2964 799 2998 z
812 2945 872 3000 fatis
884 2963 998 3014 numque
1012 2944 1118 2998 haustus
1129 2943 1225 3014 iniquis

538 3037 655 3098 Occidit,
668 3035 733 3089 heu!
747 3037 880 3106 geminum
890 3037 991 3107 prolem
1003 3036 1052 3091 sub
1064 3036 1171 3106 preside
1184 3035 1314 3105 linquens.

535 3126 592 3182 Nec
602 3125 694 3181 saltem
703 3166 712 3194 ,
726 3137 775 3181 ete

371 3245 450 3318 Haee
467 3242 571 3341 igitur
585 3220 720 3318 omuino
743 3243 989 3332 demonstrant,
1011 3243 1202 3345 Crispinum
1224 3244 1291 3343 jam
1310 3241 1439 3320 virilem

370 3381 482 3459 togam
498 3362 662 3451 induisse3
679 3362 832 3463 idemque
849 3362 1062 3452 confirment,
1080 3390 1152 3464 quae
1169 3379 1376 3464 sequuntur:

538 3510 630 3580 Quem
642 3513 698 3563 riou
710 3511 857 3581 corrumpit
864 3516 943 3579 pubes
953 3510 1074 3566 effrena?
1087 3529 1207 3581 noeque

536 3602 654 3656 Libertas
666 3613 806 3674 ppoperata
815 3604 899 3672 top?
913 3614 962 3657 etc.

369 3718 462 3816 Quin
474 3718 541 3791 imo
558 3717 703 3806 Statius,
720 3746 804 3793 vers.
828 3745 889 3809 12,
909 3693 1074 3807 testatur,
1086 3720 1278 3821 Crispinum
1292 3736 1372 3796 tunc
1394 3718 1439 3789 16

368 3833 473 3910 etatis
489 3861 613 3908 annum
630 3835 756 3930 egisse:

533 4021 539 4034 .
552 4022 559 4035 .
573 4021 579 4033 .
596 3992 622 4036 et
635 3992 737 4036 octonos
751 3985 790 4035 bis
803 3982 856 4050 jam
868 3981 914 4036 tibi
925 3980 1019 4035 circuit
1029 3985 1100 4036 ortes

534 4073 604 4126 vua.

403 4221 412 4252 ¹
431 4217 473 4270 De
487 4217 527 4270 Re
541 4213 644 4268 vestiar.
656 4214 700 4270 lib.
713 4214 739 4281 l,
751 4233 806 4283 cap.
822 4217 857 4280 ¹4·

401 4303 415 4335 ²
430 4299 548 4357 Analect-
561 4319 615 4369 cap.
629 4318 669 4353 πο.
