3159 5134
598 489 748 560 VITA.

302 631 395 702 thue
404 649 453 685 suo
463 630 550 686 lovea
560 630 684 695 mandat,
698 630 813 698 llufiue,
825 630 991 701 Triumpho,

336 724 368 776 ln
380 732 478 776 vestras
489 721 562 776 venit
572 723 594 776 si
605 733 695 776 tumen
707 720 750 776 ille
761 740 865 777 manus.

303 813 353 868 Est
363 832 429 883 opus
440 813 576 884 exiguum,
588 814 733 882 vestrisque
744 813 877 883 paratibus
884 813 986 883 impar:

334 903 423 975 Quale
434 915 525 959 umen
536 923 650 975 cumque
663 915 719 973 eet,
731 915 761 960 ut
771 915 862 959 tunore
872 944 880 972 ,
893 923 965 975 rogo.

139 1034 185 1106 Et
205 1031 322 1128 lingna
347 1032 463 1106 Getica
485 1029 637 1105 libellum
662 1031 702 1105 de
723 1031 896 1107 Laudibus
925 1030 1084 1119 Caesaris,
1112 1058 1211 1131 quem

142 1147 238 1222 etiam
256 1148 428 1235 recitavit;
455 1148 549 1248 cujus
572 1148 723 1223 meminit
744 1150 796 1225 lV
819 1147 858 1223 de
876 1148 988 1223 Ponto
1004 1147 1046 1223 ad
1063 1148 1210 1238 Catum,

142 1265 232 1362 Eleg,
252 1285 341 1354 xtll,
364 1267 412 1339 sic
427 1266 600 1341 scribens:

303 1421 346 1476 Ab
359 1421 453 1491 pudet!
464 1432 492 1476 ot
502 1421 597 1500 Getioo
607 1422 696 1492 scripti
705 1440 829 1477 sermone
839 1421 956 1477 libellum
969 1443 976 1486 ;

334 1512 492 1581 structaque
502 1523 566 1567 sunt
576 1512 673 1568 nostris
683 1512 795 1567 berbena
804 1513 885 1569 verbu
893 1512 987 1571 modis.

304 1601 341 1656 Et
350 1601 454 1673 placui,
466 1613 569 1672 grutere
578 1603 663 1671 mihi,
675 1605 793 1676 eupique
802 1615 888 1676 poet·

338 1694 414 1748 luter
424 1693 585 1750 inhumanos
595 1714 695 1751 nomen
707 1694 805 1750 babere
817 1694 907 1752 Getae.

302 1773 446 1839 Materiam
457 1785 573 1855 quoeris?
584 1785 675 1841 laudes
685 1785 718 1840 de
731 1785 838 1841 Caere
849 1786 918 1842 dixi:

337 1874 440 1944 Adjutu
450 1886 490 1931 est
500 1877 602 1930 novitas
612 1878 723 1931 nurnine
735 1887 826 1932 noetn
837 1876 898 1931 Dei.

304 1965 374 2022 Nam
384 1966 465 2036 patris
475 1965 590 2037 Augusti
601 1966 679 2022 docui
692 1966 804 2021 mortale
815 1964 895 2020 luisse

337 2054 458 2127 Corpus,
471 2055 503 2110 ad
515 2055 635 2111 etherius
645 2075 747 2111 numen
760 2055 842 2112 abiere
853 2056 961 2122 demon

305 2146 369 2201 Eue
379 2167 472 2218 parem
482 2148 580 2202 virtute
591 2149 675 2217 patri,
687 2148 734 2218 qni
743 2146 820 2203 irena
831 2159 937 2219 roqutus

338 2237 413 2309 Stepe
425 2238 537 2294 recusati
546 2240 646 2309 oeperit
656 2238 775 2309 imperii:

303 2328 366 2384 Euo
377 2330 533 2399 pudicarum
543 2332 653 2386 Vestam
664 2341 707 2399 te,
719 2330 808 2398 Livia,
821 2341 937 2386 nubum
948 2352 957 2396 ς

336 2420 501 2492 Ambiguum
511 2433 575 2476 nato
585 2421 705 2493 dignior,
719 2440 789 2477 anne
801 2423 859 2476 viro
871 2443 879 2477 z

308 2510 372 2566 Esse
383 2511 449 2567 duos
458 2514 583 2583 juvenes,
597 2514 675 2567 firma
687 2513 841 2584 adjumenta
853 2514 985 2585 parentis,

339 2605 396 2674 Qui
408 2606 532 2661 dederint
542 2608 623 2661 animi
634 2608 744 2679 pignora
755 2617 827 2662 certa
838 2608 886 2661 sui.

305 2696 372 2752 Hoc
382 2698 429 2751 ubi
440 2716 496 2751 nou
507 2698 590 2768 patria
601 2698 700 2769 perlegi
710 2697 806 2767 scripta
818 2696 962 2764 Camoenu,

335 2787 420 2842 Venit
430 2798 457 2841 et
468 2787 500 2841 ad
513 2787 607 2859 digitos
619 2787 712 2842 ultima
723 2788 814 2842 charta
823 2806 915 2842 meos:

305 2876 342 2932 Et
352 2889 446 2948 aput,
459 2889 486 2932 et
496 2878 586 2950 plenas
598 2897 692 2933 omnes
701 2897 810 2934 movere
821 2877 970 2948 pharetras,

336 2966 374 3022 Et
383 2968 493 3040 longum
504 2968 597 3024 Getico
607 2988 731 3023 murmur
743 2970 771 3023 iu
782 2987 829 3024 ore
840 2968 897 3024 suit

307 3062 396 3132 Atque
408 3061 516 3132 aliquis,
528 3063 631 3117 Senibus
642 3062 697 3118 boc
707 3081 790 3133 quum
801 3062 835 3117 de
848 3061 968 3129 Caesere,
980 3060 1061 3130 dixit,

340 3151 450 3208 cuais
461 3154 574 3224 imperio
584 3154 762 3208 restituendus
773 3173 839 3208 eras.

145 3290 194 3364 Ite
208 3290 364 3365 Piscibus
379 3318 466 3393 opus
481 3319 550 3365 non
567 3290 725 3392 perleeit3
745 3290 784 3364 de
803 3288 926 3390 quibus
942 3304 1060 3389 postea
1078 3285 1207 3387 Oppia·

145 3437 223 3495 nus,
241 3408 401 3483 Ovidium
414 3409 578 3495 imitatus,
597 3435 698 3503 grute
715 3404 849 3508 scripsit
863 3403 905 3478 nd
917 3404 1124 3477 Antoninum
1140 3404 1209 3475 lm-

144 3542 339 3626 potatorem.
365 3525 508 3597 Exstant
534 3540 689 3623 preterea
709 3519 813 3594 multa
836 3517 997 3622 opuscula
1023 3518 1087 3593 sub
1110 3517 1210 3617 hujus

144 3659 250 3741 poetae
269 3640 423 3726 nomine,
448 3655 487 3711 nt
510 3636 549 3709 de
571 3639 663 3712 Nuoe
687 3656 720 3711 et
741 3637 960 3711 Medicamine
980 3634 1074 3709 faciei
1099 3662 1136 3709 ae
1158 3663 1212 3709 au·

145 3758 248 3845 num,
266 3757 310 3832 de
327 3753 460 3843 Puliee,
484 3753 525 3827 de
546 3753 692 3841 Somno,
717 3752 757 3827 de
774 3751 921 3840 Cuculo,
949 3750 989 3825 de
1004 3753 1154 3837 Aurora,
1172 3749 1212 3822 de

145 3871 345 3962 Philomela,
359 3871 399 3945 de
411 3872 559 3958 Limane,
573 3869 612 3945 de
625 3867 766 3955 Vetula,
780 3868 821 3943 de
835 3884 978 3970 quatuor
989 3864 1213 3950 Rumoribus,

146 3989 186 4064 de
196 3990 294 4065 Ludo
307 3987 587 4076 latrunculorum
605 4015 677 4089 quae
688 3987 816 4073 omnia,
834 4004 1053 4087 preterquam
1068 3983 1109 4058 de
1122 3985 1213 4058 Nuce

148 4122 182 4179 et
197 4104 238 4178 de
253 4103 479 4179 Medicamine
493 4101 607 4189 faciei,
636 4129 708 4201 quae
730 4099 869 4176 fortasse
893 4128 978 4203 puer
1002 4094 1214 4199 composuit,

152 4219 292 4296 ridiculo
309 4236 407 4308 sunt,
425 4246 485 4294 nec
501 4217 620 4313 digna,
634 4233 674 4290 ut
689 4214 802 4290 divino
818 4216 961 4290 Nasonis
976 4213 1131 4309 ingenio,
1146 4239 1214 4285 non
1302 4297 1308 4308 ¹
