3159 5134
257 544 260 548 J
352 497 420 584 416
601 496 835 566 nostris
866 494 1163 566 nmnnnmn

839 637 927 699 1522.

392 773 660 853 Metamorpbooeos
678 773 744 834 libri
765 775 840 848 XV,
856 794 935 833 nunc
955 772 1080 851 primum
1097 773 1129 832 in
1142 771 1237 834 lucem
1254 771 1313 833 dati
1332 772 1442 834 msti-

352 873 501 957 gatissimi.
518 873 609 934 Index
623 871 779 933 nmmum
794 884 824 932 et
840 891 940 933 eorum
963 895 1028 954 quae
1049 871 1124 932 seim
1147 870 1233 953 digna
1252 884 1322 932 sunt
1338 894 1441 954 quam

349 970 597 1054 locupletissimus.
609 972 691 1049 (cur.
704 970 771 1032 (122.
784 970 941 1048 Viriano.)
958 974 994 1032 ln
1006 971 1062 1032 fine
1074 994 1082 1031 ι
1096 998 1111 1024 α
1122 972 1295 1045 Florentiae,
1313 992 1365 1049 per
1375 973 1443 1033 be-

352 1073 434 1135 rcdea
449 1072 576 1151 Philippi
590 1073 699 1134 Juntae.
717 1071 808 1131 Anno
824 1069 987 1133 Dominiooe
1006 1069 1209 1132 incarnationis
1234 1071 1401 1131 MDXXII
1422 1114 1436 1144 ‚

352 1174 417 1237 Kal.
434 1173 594 1253 septembr.
615 1201 631 1227 »
649 1170 739 1234 itt-8⁰.
755 1206 796 1220 —
809 1172 933 1245 Panaca,
952 1182 1023 1233 tom.
1037 1172 1196 1254 V11‚pag.
1213 1167 1263 1232 38.

846 1302 933 1365 2523.

395 1422 515 1498 Opera,
543 1418 645 1501 quibus
668 1419 700 1479 in
724 1439 824 1480 omues
849 1420 1116 1497 metamorphoseos
1142 1416 1267 1492 fabulas,
1288 1421 1436 1482 lactantii

356 1541 472 1603 quoque
486 1516 668 1604 argumenta,
682 1539 747 1599 quae
763 1516 987 1580 luculentissime
998 1517 1130 1597 impedita
1145 1518 1315 1597 expediunt,
1329 1542 1433 1583 acces-

357 1631 464 1684 serunt.
484 1619 582 1702 Atque
596 1617 717 1679 Henrici
732 1617 868 1679 Glareani
879 1630 909 1680 et
923 1616 1060 1701 Longolii
1076 1619 1296 1695 annotationes,
1313 1644 1381 1704 quae
1393 1622 1432 1684 ad

356 1718 604 1797 Metamorphosin
629 1717 844 1800 intelligendam
871 1719 916 1779 vel
940 1718 1010 1781 solae
1035 1716 1146 1779 abunde
1174 1717 1331 1780 sufficiunt·
1356 1724 1429 1784 tten

355 1815 514 1897 fragmenta
530 1814 658 1897 quaedam
673 1813 773 1876 Ovidii
789 1835 823 1874 ex
838 1814 940 1889 libris,
959 1837 1024 1897 quae.
1037 1835 1138 1898 magna
1151 1837 1185 1876 ex
1200 1827 1279 1894 parte
1293 1817 1429 1895 periere,

356 1915 599 2000 Epigrammaton.
619 1916 660 1975 Et
676 1934 737 1974 non
753 1914 825 1975 male
841 1926 938 1975 natum
953 1935 1066 1975 carmen
1079 1913 1114 1973 ad
1130 1915 1276 1978 Pisonem.
1285 1916 1427 1992 Busileoe,

356 2035 410 2095 per
425 2015 582 2075 Henricum
596 2014 723 2074 Petnem.
740 2013 940 2076 MDXXHI.
956 2011 1053 2075 inb.
1069 2048 1110 2062 -
1124 2016 1250 2090 Panem,
1268 2025 1340 2077 lom.
1358 2017 1428 2091 VI,

356 2111 508 2199 eufis-
851 2195 937 2271 Μ

398 2310 576 2389 Μαήαιιςεῖί
598 2310 734 2371 Accurrit
755 2309 893 2372 Diatribae
912 2311 943 2370 in
960 2309 1143 2386 Ausonium,
1166 2311 1323 2387 Solinum,
1342 2322 1374 2372 et
1396 2310 1427 2370 io

359 2408 458 2472 Ovidii
474 2410 731 2488 Metamorphoses.
748 2412 783 2470 ln
800 2411 878 2471 linc:
898 2437 913 2464 a
928 2413 1031 2472 llomae
1045 2422 1147 2473 octavo
1161 2412 1303 2475 Kalendas
1321 2411 1429 2495 Aprilis

358 2512 542 2586 MDXXIV,
561 2510 593 2570 in
617 2510 726 2573 adibus
747 2510 874 2574 Marcelli
902 2509 1052 2593 Argentei.
1069 2538 1085 2586 »r
1104 2510 1211 2585 irs-4⁰.
1234 2545 1276 2559 -
1298 2514 1427 2586 Pam,

359 2621 430 2670 tom.
442 2610 541 2683 vm,
557 2630 621 2692 pag.
640 2607 709 2691 267.

402 2714 630 2778 Commentarius
638 2714 749 2776 Erasmi
758 2716 901 2777 ltoterod.
916 2715 946 2775 in
955 2716 1068 2776 Nucem
1080 2715 1193 2788 ovium
1206 2716 1334 2798 ejusdem
1341 2738 1431 2779 com-

359 2812 511 2875 mentarius
522 2812 553 2874 in
569 2812 641 2875 duos
659 2814 792 2897 Hymnos
806 2811 964 2873 Prudentii
986 2839 1000 2865 «ι
1020 2813 1056 2873 ln
1071 2813 1128 2872 line
1145 2836 1152 2870 ε
1172 2839 1187 2865 u
1201 2814 1342 2872 Exensum
1358 2812 1427 2873 Co-

361 2910 446 2974 loniae
471 2914 546 2995 apud
572 2916 714 2974 Ioannem
734 2913 889 2986 Soterem,
906 2912 1042 2996 impensis
1064 2909 1238 2995 integerrimi
1258 2908 1429 2987 bibliopola

361 3010 518 3076 Godefredi
538 3013 695 3092 Hittorpii‚
714 3012 782 3075 civis
809 3012 1002 3075 Coloniensis.
1022 3040 1037 3067 n
1055 3012 1143 3080 in·8⁰.
1159 3046 1201 3059 -
1213 3012 1336 3085 Pariter,
1352 3023 1428 3074 tom.

360 3115 426 3188 VI,
439 3136 501 3198 pag.
516 3112 587 3199 391.

402 3218 482 3281 Idem
506 3219 586 3282 liber.
612 3220 758 3295 Busc'leoe,
779 3220 859 3303 uprtd
871 3221 920 3282 Jo.
934 3221 1114 3282 ttoteuium.
1133 3221 1228 3284 irs-8⁰.
1245 3255 1287 3269 ·-
1303 3223 1424 3295 Punice,

359 3329 431 3380 tom.
447 3320 510 3394 vl,
526 3339 589 3400 pag.
605 3316 674 3393 244.
867 3396 885 3458 5
907 3397 926 3459 5

849 3420 861 3459 ι
888 3421 904 3459 2
928 3441 936 3458 .

402 3530 675 3608 Metamorphoseon
690 3528 756 3590 libri
769 3529 838 3590 XV.
852 3532 887 3590 ln
903 3530 979 3592 fine:
999 3557 1015 3587 α
1028 3533 1231 3618 Argentorati,
1249 3556 1302 3612 per
1317 3533 1426 3595 Joban-

363 3652 429 3693 nem
453 3627 675 3704 Knobloclmm,
696 3648 794 3689 mense
817 3629 898 3690 Iulio
916 3632 1081 3693 Mnxxv.
1097 3660 1113 3687 »
1137 3633 1227 3698 into.
1245 3668 1287 3682 -
1301 3635 1423 3707 Panse,

256 3743 259 3748 ⁴
361 3740 433 3790 tom.
457 3728 521 3802 VI,
537 3748 599 3811 pag.
621 3747 686 3808 ¹⁰7·

404 3833 452 3894 Cl.
473 3833 624 3895 Ptolemaei
650 3833 834 3894 inerrantium
858 3832 1001 3896 stellarum
1027 3834 1273 3919 significationes,
1294 3857 1345 3915 per
1361 3836 1424 3897 Nic.

363 3929 547 3993 Leonicume
560 3951 656 4012 graeco
671 3930 822 3991 translatae.
834 3930 898 3989 XII
910 3933 1108 3993 Romanorum
1119 3954 1227 3995 meuses
1241 3934 1272 3993 in
1285 3932 1426 3995 veteribus

363 4030 556 4092 monumentis
572 4031 675 4091 Romae
690 4028 807 4114 reperti.
823 4031 878 4090 Sex
892 4030 1020 4107 priorum
1035 4034 1174 4094 mensium
1192 4032 1313 4118 digestio
1329 4054 1363 4094 ex
1378 4053 1426 4092 sex

363 4129 462 4194 Ovidii
477 4130 626 4189 Fastorum
642 4128 720 4189 libris
734 4143 871 4208 excerpta.
886 4130 919 4189 P.
928 4130 1026 4192 Ovidii
1039 4133 1107 4191 Nas-
1119 4133 1271 4193 Fastorum
1285 4133 1351 4207 libri
1363 4131 1426 4206 vl,

363 4228 502 4290 Tristium
516 4226 582 4290 libri
598 4229 640 4305 V,
657 4228 691 4291 dc
706 4229 802 4292 Ponto
817 4227 881 4290 libri
896 4231 955 4304 IV,
970 4232 1001 4290 in
1019 4229 1106 4306 Ibin,
1121 4230 1157 4293 ad
1171 4230 1288 4293 Liviam.
1305 4236 1340 4293 ln
1355 4230 1426 4292 fine:
