3159 5134
477 505 573 574 rus
599 509 632 575 J.
658 509 883 583 suessos.
1144 527 1206 612 24,

142 638 317 726 recensiti,
331 670 434 743 quum
444 642 485 718 de
495 647 640 740 Augusti
652 668 760 725 marte
773 651 971 747 diceremus,
986 662 1214 761 comprubant.

142 754 191 828 At
208 785 286 831 vero
302 786 372 831 nou
389 759 519 835 ridetur
533 781 638 863 poete
653 767 763 842 verbis
778 789 1056 866 cousentaneum,
1073 781 1102 853 si
1116 782 1216 861 adfir-

141 890 308 960 maretur,
332 902 407 951 eum
426 876 470 951 ub
489 877 603 956 oculus
620 882 804 984 Inbupdum
822 888 925 964 medo
949 891 1134 987 decretum,
1154 930 1216 976 uer

141 990 250 1065 adhuc
268 992 423 1084 ductum,
440 995 493 1072 his
509 998 712 1074 carminibus
728 1001 895 1080 habuisse.

189 1104 399 1181 Alterutrum
415 1106 524 1185 tamen
542 1109 658 1211 seligat
680 1113 786 1190 lectur
804 1119 975 1212 eruditus,
992 1126 1072 1201 satis
1095 1132 1215 1207 consu-

127 1237 230 1295 ‘tatus
242 1221 344 1296 suerit
356 1225 559 1314 Bucherius,
580 1228 630 1301 uti
643 1246 677 1302 et
688 1230 861 1322 Norisius,
874 1236 932 1336 qui
945 1257 1212 1337 autumaverunt,

139 1335 259 1411 Festos
273 1366 362 1412 anno
383 1341 427 1414 U.
449 1342 486 1416 C.
504 1360 651 1431 occult,
669 1344 720 1418 rel
737 1346 868 1423 demum
886 1353 1011 1429 Ovidio
1027 1360 1213 1456 exsulante,

138 1466 175 1522 at
187 1451 345 1546 Augusto
363 1452 551 1529 adhucdum
567 1458 714 1548 vivente,
731 1459 767 1533 iu
782 1459 891 1539 lucem
908 1469 1046 1546 venisse.

187 1568 304 1667 Itaque
332 1569 422 1643 Nasu
445 1569 479 1643 id
506 1600 620 1671 opus,
648 1602 707 1647 sua
734 1576 770 1648 in
794 1579 946 1655 exsilium
971 1583 1048 1681 fuga
1073 1608 1211 1692 ruptum

139 1682 262 1777 (Trist.
280 1680 337 1755 lib.
353 1684 404 1770 ll,
422 1713 536 1759 avers.
557 1685 627 1788 549
641 1697 670 1778 ),
688 1689 858 1794 deinceps,
874 1698 973 1773 ethis
986 1701 1120 1801 quidem
1134 1724 1212 1782 tem·

138 1794 298 1896 poribus,
316 1795 528 1885 absolutum,
546 1800 714 1903 plerisque
738 1807 860 1882 additis
882 1838 920 1884 ac
942 1816 1105 1905 mutatis,
1135 1819 1212 1896 Ger·

138 1911 255 1983 muntia
268 1909 389 1985 Caesari
401 1912 598 2015 inscriptum
611 1916 737 2016 publici
745 1920 840 2017 juris,
856 1923 1045 2001 adhucdum
1058 1932 1210 2012 exsulans

139 2043 172 2097 et
187 2023 291 2128 paulu
307 2042 383 2099 aute
402 2025 530 2101 obitum
543 2036 557 2116 ‚'
570 2030 658 2104 lecit.
679 2035 779 2107 Hunc
797 2039 883 2112 enim
898 2041 1081 2144 principem
1094 2050 1210 2148 primis

125 2138 215 2243 ‘libri
234 2142 257 2216 l'
268 2139 469 2217 carminibus
485 2144 691 2248 interpellat,
711 2169 742 2223 et
759 2151 800 2225 ad
817 2154 922 2229 sidera
942 2157 1048 2249 tollit3
1071 2164 1160 2240 sicut
1174 2188 1208 2242 et

139 2258 209 2333 aliis
227 2260 264 2332 in
282 2258 382 2349 lucis,
401 2288 438 2334 ac
454 2265 635 2362 presertim
652 2264 717 2340 lib.
731 2271 792 2357 lv,
806 2270 865 2349 ubi
878 2273 975 2349 etiarn
993 2280 1044 2353 sui
1059 2285 1209 2360 meminit

140 2374 265 2468 exsilii,
284 2405 366 2452 vers.
385 2377 455 2451 80:

297 2525 432 2581 Sulmonis
442 2526 520 2613 gelidi
531 2528 634 2598 patrie,
650 2490 823 2594 demaine„
832 2546 934 2590 nostru.

327 2619 375 2672 Me
385 2619 526 2672 miserum!
537 2621 655 2690 Scytteo
666 2634 746 2690 quarn
756 2624 847 2693 procul
858 2625 900 2679 illa
911 2631 966 2681 solo
979 2628 1030 2683 est!

297 2706 370 2776 Ergo
383 2707 522 2785 egolktam
532 2707 622 2787 longas
632 2709 678 2764 sed
690 2713 840 2782 supprime,
854 2714 948 2784 Musa,
960 2720 1096 2788 querelam

327 2798 387 2851 Non
402 2797 448 2851 tibi
459 2808 523 2851 suut
534 2808 626 2853 memte
636 2820 708 2879 saera
719 2803 838 2858 cauenda
849 2804 914 2878 lyra.

179 2927 224 2999 ll.
243 2925 295 2997 Ex
311 2923 379 2999 illis
395 2952 497 3025 porro
521 2924 582 2999 lib.
599 2927 621 3017 l¹
633 2928 836 3017 carminibus
855 2929 982 3031 liquet,
999 2961 1115 3035 pacem
1139 2939 1203 3013 hoc
1221 3036 1223 3040 Ι

136 3060 279 3144 ternpore
292 3070 352 3142 per
364 3040 478 3115 orbem
491 3041 594 3116 luisse
606 3045 844 3143 compositam,
857 3046 1001 3150 ideoque
1013 3052 1035 3123 J
1037 3072 1100 3128 Aru
1114 3055 1201 3132 sores

134 3158 309 3233 obseratas.
327 3158 403 3231 Hoc
419 3157 552 3258 quidem
564 3159 749 3237 Bucherius
760 3161 845 3236 vidit
859 3191 877 3236 a
889 3185 988 3264 poeta
1001 3169 1197 3265 significari,

134 3274 241 3346 sedin
266 3299 306 3345 eo
330 3270 552 3347 hallucinatus
570 3290 640 3365 est,
668 3273 760 3375 quud
785 3299 855 3349 rem
878 3276 920 3350 ad
943 3307 1067 3356 anuum
1087 3287 1130 3359 U.
1163 3289 1199 3362 C.

134 3406 259 3463 ucctlx
285 3385 408 3462 retulit.
434 3389 503 3461 Nec
525 3387 648 3463 rectius
673 3392 877 3466 eminentiss.
900 3397 1054 3474 Norisius
1072 3409 1081 3440 ¹
1102 3421 1198 3478 autu-

133 3506 247 3592 mavit,
266 3538 283 3569 s
309 3503 439 3604 quade
456 3504 543 3576 Jano
562 3502 676 3578 clauso
694 3505 837 3582 Ovidius
853 3510 994 3602 cecinit,
1013 3542 1097 3614 pura
1115 3537 1197 3618 puta

137 3652 152 3682 s
168 3636 277 3720 poetae
302 3635 379 3691 ruta
402 3618 562 3690 censenda
583 3647 675 3706 esse,
702 3620 974 3726 triumphumque
1003 3627 1198 3707 Germanico

136 3768 152 3797 »
170 3732 340 3830 augurari3
355 3732 446 3834 quod
459 3731 565 3807 libros
576 3734 754 3831 Fastorum
767 3732 859 3808 exsul
873 3737 1057 3837 scripserit,
1069 3745 1198 3825 vivente

135 3881 151 3913 ‚1
169 3847 359 3921 adhucdum
382 3849 545 3942 Augusto.
572 3881 590 3913 »
618 3846 703 3944 Quae
718 3865 769 3923 sat
787 3876 953 3951 superque
978 3880 1019 3927 ex
1044 3862 1197 3958 superius

132 3964 287 4040 discussis
299 3963 537 4051 convelluntur,
549 3980 588 4036 nt
597 3962 639 4036 iis
648 3961 779 4058 longius
790 3963 957 4039 immorari
968 3996 1052 4069 opus
1062 4001 1130 4046 non
1140 3977 1195 4051 sit.

176 4083 240 4156 lll.
256 4082 416 4171 Praeterea
430 4080 536 4173 valide
547 4078 978 4170 ,confirmatusltssronuu
992 4083 1099 4163 libros
1108 4089 1197 4165 haud

163 4258 172 4286 ¹
189 4254 230 4309 De
246 4227 342 4308 Cbuut.
357 4255 408 4309 Pis.
421 4273 477 4325 pag.
491 4273 547 4307 201.

245 4357 357 4423 VIII.
915 4418 917 4421 ,
974 4355 1014 4421 16
