3159 5134
462 550 531 625 ,IN
555 551 734 621 OVIDll
758 557 882 622 IBIN.

341 711 465 767 Liuorem
477 715 576 784 pepulit
586 715 663 770 simul
674 715 734 784 ille,
747 717 878 787 simulque
890 719 1000 774 locutus.

340 803 462 877 Assyrius
474 804 525 858 late
538 805 598 859 fluit
609 807 693 860 amois
700 845 708 873 ,
724 818 751 861 at
761 807 804 861 ille
818 809 938 878 palustris

339 893 461 947 illuviem
474 904 552 948 terre
565 894 707 966 sordesque
720 897 821 951 volutat
832 900 860 952 in
874 890 961 954 undis.

337 983 400 1036 Nou
414 986 505 1054 quovis
519 984 611 1040 Cereri
623 985 730 1041 libante
745 989 821 1043 ionte
834 989 966 1059 Melissa,

338 1072 393 1128 Sed
407 1076 451 1143 qui
463 1074 587 1144 limpidus
600 1087 655 1142 est,
670 1088 698 1131 et
709 1078 764 1131 limi
775 1078 876 1148 prosilit
888 1100 999 1151 expers,

339 1163 420 1218 Sacro
432 1166 505 1219 fonte
517 1165 587 1220 latex
599 1187 710 1237 parvm,
723 1168 771 1223 llos
782 1189 902 1226 summus
913 1191 1048 1242 aquarum,

338 1252 430 1322 Salve,
441 1274 503 1324 rex,
516 1257 592 1311 abeat
603 1275 656 1326 quo
669 1277 733 1312 crux
744 1260 795 1312 erit
807 1259 911 1316 invidus
922 1261 973 1316 ille.

147 1393 288 1466 Causam
298 1412 409 1469 autem
425 1395 553 1496 profert
566 1398 767 1475 Nicodemus
783 1399 991 1476 Frisclrlinus
1006 1402 1041 1476 iu
1056 1404 1122 1478 vita
1140 1407 1216 1481 Cal·

143 1504 274 1581 limaclri
292 1537 396 1604 grace
413 1512 598 1614 conscripta
616 1544 625 1585 ε
642 1523 695 1596 Εἰς
714 1520 746 1587 ὃν
763 1523 811 1586 καὶ
825 1525 935 1612 ποίημα
951 1525 1146 1619 ἑππετήᾷευκε
1168 1529 1217 1595 διὰ

143 1636 174 1696 τό
192 1632 415 1722 προσποιητικόν
428 1635 533 1700 ἐκεῖνον
549 1636 618 1701 εἶναι
636 1644 692 1703 τῶν
706 1638 901 1727 Καλλιμάχου
915 1637 1052 1725 titilius,
1067 1645 1114 1710 καὶ
1127 1645 1214 1711 ἀλλο·

141 1753 226 1840 τρίων
241 1755 348 1817 πόνων·
362 1747 492 1839 ὥνόμασε
502 1746 532 1817 d'
544 1753 631 1820 αὐτὸν
640 1764 799 1847 κρυπταῶς
807 1742 876 1837 lice,
884 1759 922 1832 ὡς
931 1763 979 1825 καὶ
990 1755 1124 1828 Νάσωνὸ
1136 1788 1215 1839 ποιη-

142 1863 187 1943 τᾶς
203 1873 280 1935 οὕτω
295 1895 356 1945 πως
371 1874 519 1963 μαρτυρεῖ.
536 1898 553 1929 «
568 1867 608 1938 lu
621 1865 710 1941 huuc
720 1866 957 1955 Callimachus,
971 1871 1061 1970 quod
1073 1873 1215 1947 suosille

145 2014 163 2041 n
182 1978 290 2052 libros
308 1979 372 2053 sibi
390 1997 576 2075 arrogaret,
595 1999 627 2053 et
644 1981 770 2056 alienos
785 1981 918 2058 labores
933 2013 996 2085 pro
1014 1987 1084 2060 suis
1099 1988 1214 2060 vendi·

145 2129 162 2159 u
184 2113 283 2181 taret,
302 2095 496 2169 maledicum
510 2123 640 2169 carmen
657 2096 782 2185 edidit,
803 2100 978 2200 ipsumque
994 2101 1215 2202 Apollonium

148 2245 164 2275 n
183 2238 368 2313 suppresso
380 2212 513 2287 nomine
529 2211 608 2285 lbiu
622 2213 824 2303 nominavit,
839 2215 1115 2315 quemadmodum
1131 2218 1216 2291 Ovi-

147 2360 163 2390 »
182 2326 257 2401 dius
276 2344 423 2402 testatur.
448 2362 464 2391 »
490 2329 568 2402 llaec
586 2326 663 2416 ille,
682 2329 772 2430 quod
802 2330 891 2432 apud
915 2330 1016 2405 alium
1038 2350 1124 2406 notae
1146 2362 1214 2407 me-

142 2440 234 2517 lioris
249 2461 418 2517 auctorem
441 2472 509 2517 uon
532 2443 664 2519 memini
689 2473 740 2517 me
766 2443 893 2540 legere,
922 2447 988 2521 uisi
1016 2446 1107 2547 quod
1124 2450 1213 2522 huuc

143 2587 291 2646 versum,
315 2558 372 2659 qui
390 2560 480 2660 apud
498 2561 648 2634 eumdem
665 2558 881 2661 Apollonium
897 2580 1019 2652 exstat,
1036 2567 1210 2664 Argouour'.

143 2671 199 2747 lib.
216 2677 253 2762 l,
270 2703 347 2776 pag.
369 2674 418 2767 64
432 2674 588 2748 editionis
605 2676 821 2776 Stephanum,

285 2854 336 2911 lieri
350 2855 382 2913 roi
394 2854 441 2930 μὲν
457 2856 491 2919 ὥς
502 2854 598 2930 ieelim
614 2854 680 2930 ferrei
692 2855 786 2931 χρόνον
803 2854 981 2926 indicatae,

143 3006 336 3082 Callimachi
354 3034 484 3081 versum
501 2976 571 3081 esse
591 3004 633 3082 ab
662 3004 845 3107 Apollonio
873 3024 1091 3106 usurpatum,
1118 3024 1212 3080 vetus

143 3121 247 3224 ipsius
272 3118 444 3221 Apollonii
469 3118 663 3194 scholiastes
695 3121 822 3193 asserit.
862 3120 1080 3193 Nicodemum
1103 3138 1212 3194 autem

144 3236 364 3315 Frischliuum
393 3266 496 3338 quum
527 3238 563 3309 iu
588 3235 812 3311 testimonium
830 3235 972 3323 adduxi,
998 3237 1131 3312 miseret
1160 3266 1212 3311 me

143 3468 249 3545 libero
266 3468 445 3544 ellutiisset
460 3469 496 3540 iu
511 3468 601 3541 viros
617 3466 864 3553 nobilissimos,
887 3468 1073 3562 Moguntiae
1090 3467 1124 3541 iu
1141 3497 1210 3543 car-

144 3613 248 3661 cerem
270 3585 438 3684 coujectus
464 3602 570 3672 esset,
600 3583 744 3684 indeque
760 3583 923 3656 deductus
947 3584 1034 3656 soret
1049 3585 1084 3657 iu
1100 3586 1215 3659 Wur—

145 3698 338 3794 tombergici
356 3698 419 3773 soli
442 3727 549 3773 arcem
573 3699 903 3773 flohenauracensem
927 3726 1021 3797 :quo
1045 3699 1215 3799 captivita-

145 3830 208 3888 tem
218 3814 395 3908 effugeret,
409 3841 539 3915 pannos
552 3812 704 3899 discidit,
720 3830 774 3894 ut,
790 3810 843 3884 his
854 3809 1037 3905 colligatis,
1048 3838 1083 3884 se
1096 3811 1213 3885 demit-

144 3946 245 4019 teret;
261 3931 320 4004 sed
330 3930 523 4029 hujusmodi
540 3929 630 4003 funis
646 3927 782 4030 pertidia
797 3928 832 4001 in
846 3926 926 4001 alias
942 3928 1087 4028 aliasque
1103 3945 1215 4029 petras

145 4072 289 4146 preceps
299 4047 408 4131 datus,
422 4047 599 4120 confractis
608 4046 764 4120 membris
773 4044 960 4145 exspiravit.
973 4046 1134 4119 (laterum
1145 4041 1216 4118 Cal·

146 4163 308 4238 limachus
325 4162 545 4264 Apollonium
561 4163 668 4237 ibidis
683 4161 838 4249 nomine,
856 4189 929 4261 que
945 4177 997 4235 est
1012 4161 1080 4234 avis
1093 4160 1216 4261 AEgyp-

144 4280 204 4369 tia,
223 4297 344 4355 uotum
361 4307 433 4355 esse
450 4278 576 4362 voluit,
595 4306 663 4353 uon
679 4294 818 4378 propter
834 4277 904 4379 ejus
921 4276 1137 4379 spurcitiam,
1161 4274 1216 4347 cui
