3159 5134
384 540 444 624 ut
696 541 734 606 r.
763 540 1101 609 0v1o11v1ru
1153 613 1160 626 ,

376 679 499 782 prodit,
513 677 556 751 V
549 679 646 752 adum
654 694 685 751 et
698 679 833 752 Tuccam
847 696 963 781 poetas
977 675 1124 753 illustres
1133 677 1252 767 luisse,
1264 678 1451 779 quiABneo

379 798 452 871 dum
464 812 574 897 posteo
590 795 683 869 libros
700 796 900 869 emendarunt
914 797 970 870 sub
990 824 1028 870 eo
1042 797 1124 896 lege,
1146 812 1180 869 ut
1199 796 1279 869 nihil
1291 797 1449 874 adderent.

378 913 475 986 Unde
491 911 541 986 sas
558 908 732 1007 colligere,
750 911 912 985 AEneidos
931 938 1059 984 carmen
1077 910 1166 984 baud
1187 928 1263 984 ante
1276 910 1367 986 hunc
1389 941 1452 987 an-

377 1057 458 1102 num
468 1027 647 1110 emendari,
658 1053 718 1098 nec
728 1026 868 1127 proinde
878 1026 912 1098 iu
923 1025 1029 1100 lucem
1038 1027 1171 1128 prodire
1183 1027 1343 1128 potuisse.
1357 1028 1453 1124 Qua-

381 1161 518 1244 propter
527 1169 634 1242 ueque
645 1141 742 1216 citius
752 1171 789 1217 ea
800 1142 945 1215 Nasonis
958 1140 1073 1237 Elegia
1081 1140 1180 1216 buerit
1191 1160 1335 1231 exarata,
1347 1171 1453 1244 quum

378 1261 484 1336 adbuc
502 1279 579 1335 setas
596 1276 702 1361 poetae
718 1277 853 1334 strenua
872 1259 976 1346 soret,
995 1287 1077 1333 vers.
1095 1259 1118 1332 3
1133 1289 1141 1332 :

544 1409 606 1462 Non
620 1428 662 1461 me
673 1426 748 1461 more
761 1417 883 1476 patrum,
898 1406 964 1459 dum
975 1420 1076 1461 strenua
1087 1406 1199 1462 sustinet
1209 1417 1288 1470 etas,

580 1499 692 1553 Praemia
706 1497 805 1551 milicia
816 1496 996 1566 pulverulenta
1007 1499 1079 1567 sequi
1091 1497 1104 1551 ?

429 1622 473 1694 ll.
494 1616 597 1715 Quod
614 1617 738 1690 ibidem
754 1643 833 1688 mox
848 1615 967 1702 babet,
985 1643 1068 1689 vers.
1089 1614 1111 1687 5
1129 1634 1162 1690 et
1179 1614 1202 1686 6
1217 1643 1226 1687 :

544 1766 601 1820 Nee
613 1784 655 1818 me
667 1763 788 1817 verbosas
800 1766 868 1832 leges
879 1766 990 1818 ediscere
999 1765 1015 1818 ?
1025 1783 1075 1818 nec
1086 1783 1129 1817 me

576 1856 682 1926 Ingrato
694 1875 779 1908 vocem
790 1853 951 1922 prostituisse
964 1857 1050 1910 Foro?

381 1978 479 2053 Ultro
497 2006 559 2051 nos
576 1973 668 2048 ducit
679 1972 720 2047 ad
735 1972 812 2046 illos
822 1973 877 2045 bic
891 1972 1121 2061 revincendos,
1141 1973 1199 2073 qui
1211 1971 1359 2047 arbitrati
1372 1989 1455 2045 sunt

382 2092 539 2168 Ovidium
558 2088 660 2162 fnisse
679 2085 894 2172 Causidicum,
916 2088 1040 2188 quique
1059 2086 1110 2161 rel
1127 2087 1206 2160 binc
1222 2084 1388 2159 manifesti
1401 2112 1454 2159 er-

381 2210 466 2283 roris
491 2222 684 2302 arguuntur.
711 2203 839 2276 Eorum
857 2230 973 2297 agmen
992 2201 1084 2276 ducit
1105 2200 1316 2276 doctissimus
1341 2199 1455 2275 Aldus
1537 2253 1541 2261 -

382 2323 560 2407 Manutius,
579 2318 702 2393 claudit
716 2329 794 2391 rero
814 2317 926 2391 Petrus
941 2319 1083 2404 BAYLE,
1103 2314 1216 2391 eodeni
1226 2315 1300 2391 loco
1312 2333 1454 2417 uterque

267 2449 271 2454 ’
383 2440 542 2525 abutens,
560 2435 663 2509 Trist.
684 2434 743 2507 lib.
761 2436 816 2520 ll,
831 2460 913 2505 vers.
932 2431 1002 2532 93:

543 2584 598 2638 Nec
610 2582 678 2637 male
689 2581 827 2637 commissa
837 2591 876 2634 est
888 2580 963 2633 nobis
975 2578 1082 2634 fortuna
1093 2599 1217 2647 reorum,

490 2651 492 2656 Ι
583 2675 674 2744 Usque
688 2678 696 2707 ¹
707 2677 791 2726 decem
802 2675 886 2725 decies
897 2671 1057 2740 inspicienda
1070 2677 1148 2736 atriu

383 2797 443 2871 ubi
461 2812 568 2871 tamen
585 2792 671 2866 clare
685 2793 775 2865 Naso
799 2789 980 2887 significat,
998 2816 1031 2862 se
1050 2817 1088 2862 ex
1106 2790 1315 2863 centumviris
1329 2790 1454 2888 judici-

381 2914 447 2987 bus
459 2911 575 2996 luisse,
590 2907 868 3010 quemadmodum
885 2924 968 2979 etex
982 2906 1113 2995 Ponto,
1128 2905 1185 2980 lib.
1202 2909 1273 2996 lll,
1290 2908 1397 3007 Epist
1415 2925 1454 2992 V,

381 3026 424 3099 ad
444 3027 599 3109 Cottam,
617 3050 698 3095 vers.
719 3047 758 3120 7,
777 3037 838 3092 etc.

545 3153 678 3218 legimus,
691 3168 707 3202 o
719 3149 835 3218 juvenis,
848 3149 924 3219 patrii
936 3168 990 3202 non
1003 3149 1197 3220 degeremus,

575 3243 656 3295 Dicta
665 3241 711 3294 tibi
727 3240 806 3310 pleno
817 3243 894 3292 verba
903 3238 1000 3294 diserta
1010 3244 1074 3298 Foro
1086 3252 1134 3296 ete.

542 3332 580 3386 As
589 3330 639 3385 nisi
652 3351 826 3401 peccassem..
837 3369 842 3379 .

577 3422 659 3493 Quod
671 3423 736 3493 legi,
751 3433 795 3476 tua
807 3442 855 3475 vos
866 3422 1022 3478 exhibuisset
1033 3442 1114 3493 opus:

544 3513 636 3583 thue
647 3513 687 3566 fui
699 3514 806 3580 solitus,
824 3514 947 3569 sedissem
959 3514 1066 3569 forsitan
1077 3535 1143 3569 uuus

576 3604 618 3658 De
631 3605 816 3682 centaurjudex
828 3605 854 3657 in
868 3616 912 3658 tua
927 3605 1006 3659 verba
1017 3611 1088 3659 υἱώ.

382 3753 421 3799 er
438 3723 561 3824 quibus
576 3718 674 3794 simul
692 3718 821 3794 collatis
838 3718 910 3794 luce
934 3720 1110 3795 meridiana
1129 3719 1250 3796 clarius
1270 3740 1338 3811 est,
1364 3723 1453 3796 Ovi·

415 3876 423 3906 ¹
443 3872 520 3925 Hanc
532 3889 622 3924 vocem
635 3868 755 3922 frivolam
767 3868 817 3922 boc
828 3869 885 3923 loco
897 3869 1029 3936 judicabat
1042 3868 1084 3923 Cl.
1098 3868 1154 3924 Nic.
1168 3871 1309 3938 Heinsius,
1328 3870 1453 3942 adeoque

382 3954 498 4025 legebat,
514 3956 610 4021 lisque,
628 3953 717 4021 utqui
735 3964 857 4021 putaret,
874 3959 1038 4006 centumviros
1053 3957 1141 4007 lds'bus
1148 3955 1300 4021 judc'cands's
1311 3953 1456 4024 designari.

383 4035 522 4108 lngeuiosa
540 4034 648 4105 quidem
658 4046 697 4089 est
707 4035 879 4097 emendatio,
898 4034 944 4089 sed
963 4039 1106 4099 decesserit,
1125 4054 1181 4089 non
1200 4047 1289 4090 autem
1305 4044 1460 4092 centumviri

382 4121 537 4175 dicebantur
546 4120 807 4186 Ic'ts'busjedeeaudr'u
821 4137 965 4188 omnesque
984 4118 1085 4174 codices
1103 4139 1180 4188 usque
1191 4120 1296 4188 ferunt,
1313 4120 1364 4173 nisi
1376 4121 1455 4189 quod

382 4203 531 4272 duontqee,
545 4222 613 4257 uncas
624 4209 715 4271 vr'sqae
725 4202 846 4257 habeant.
864 4203 920 4256 Nee
935 4204 1014 4257 etium
1030 4221 1078 4256 vox
1087 4203 1130 4257 illa
1145 4224 1223 4275 usque
1233 4206 1315 4261 otiosa
1325 4204 1436 4259 videtur
1444 4246 1454 4273 ,

384 4305 467 4356 quum
482 4288 544 4342 satis
559 4298 617 4357 apte
633 4305 777 4342 numerum
793 4288 930 4343 antecedat
946 4281 1108 4343 centenum(
