3159 5134
350 528 412 593 180
684 523 723 586 Ρ.
751 520 931 590 ovtult
956 520 1096 588 VITA

346 667 427 741 ttae
441 667 531 740 enim
547 662 632 738 male
649 661 690 737 ol.
709 664 759 737 vir
774 663 949 762 conjungit
965 692 1041 737 cum
1056 692 1139 737 vers.
1163 690 1204 764 7¹
1226 682 1260 737 et
1275 690 1320 763 7²
1331 636 1345 737 ἐ

510 812 586 867 Dum
597 812 704 883 loquoe,
716 824 744 868 et
755 812 865 879 flemus,
878 813 942 867 ereio
953 811 1124 866 nitidissimus
1135 813 1203 878 alto,

540 906 621 957 Stella
633 905 718 974 ‘nris
729 904 823 971 nobis,
837 903 1025 974 hasetortus
1036 914 1112 967 επις

347 1033 471 1136 quibus
498 1060 575 1108 saue
598 1030 784 1127 significat,
799 1031 865 1129 ῇαω
880 1029 1072 1104 adventasse
1088 1028 1198 1117 diem,
1214 1031 1263 1103 uti
1281 1048 1315 1104 et
1335 1058 1420 1104 vers.

348 1154 393 1251 [47
409 1168 442 1225 et
459 1148 506 1244 48
523 1180 530 1223 :

510 1297 626 1367 Jamque
638 1314 720 1349 mora
730 1294 844 1365 spatium
856 1314 908 1348 not
914 1298 1076 1363 precipisse
1086 1293 1199 1365 negabat
1210 1333 1218 1361 ,

547 1385 681 1456 Versaque
692 1386 725 1440 ab
736 1405 782 1441 ase
792 1405 842 1440 suo
854 1385 989 1441 Parrhasis
1000 1385 1094 1439 Arctos
1104 1395 1161 1439 erat
1172 1388 1190 1436 ¹.

347 1518 395 1588 At
409 1516 533 1587 Noster
557 1511 761 1586 carminibus
787 1511 857 1585 haec
881 1511 1153 1585 antecedentrlsus
1176 1508 1262 1583 clare
1278 1509 1422 1597 iudicat,

348 1626 486 1723 longum
505 1625 585 1700 satis
610 1654 711 1699 mora
737 1628 882 1727 spatium
907 1624 949 1699 ad
976 1623 1257 1725 lucfferiusque,
1276 1652 1335 1699 seu
1356 1623 1422 1697 diei

346 1758 498 1816 exortum
523 1739 646 1827 luisse,
673 1758 852 1842 postquam
870 1768 966 1841 prece
984 1738 1109 1813 Lunna
1124 1739 1190 1837 jam
1206 1739 1301 1812 ultum
1323 1767 1420 1813 venc-

343 1874 438 1932 ratus
455 1856 562 1930 lucrat
577 1886 585 1928 :
600 1856 674 1930 vide
692 1886 775 1931 vers.
797 1855 917 1955 27-46.
1298 1852 1306 1865 ”

395 1971 553 2045 Praeterea
573 1967 650 2044 lieet
666 1968 811 2044 Calvisio
829 1969 999 2055 daremus,
1018 1967 1177 2043 Ovidium
1193 1967 1252 2041 illo
1277 1965 1353 2041 loco
1370 1969 1423 2041 iu-

345 2116 468 2173 nuere,
486 2088 666 2163 discessum
682 2085 839 2160 incidisse
856 2103 936 2186 post
951 2084 1084 2185 aliquot
1101 2083 1189 2171 dies,
1210 2112 1308 2185 quam
1325 2083 1423 2159 Luco

340 2208 437 2309 plenu
452 2205 588 2291 luisset3
604 2203 681 2277 iude
698 2220 807 2278 tamen
825 2230 895 2274 nou
908 2216 1123 2300 sequeretur,
1139 2197 1206 2272 hoc
1216 2199 1419 2299 pleur'luurirm

347 2322 387 2396 ad
408 2319 572 2396 Octobrem
594 2319 709 2421 potius
729 2346 827 2419 quam
843 2316 942 2391 alium
960 2344 1105 2391 mensem
1123 2333 1292 2415 spectum
1314 2345 1356 2391 ue
1372 2315 1422 2388 di·

349 2466 438 2525 cam,
468 2432 834 2510 uumzunatiotuisse
850 2433 996 2533 ejusdem
1009 2432 1132 2507 mensis
1145 2430 1198 2535 dic
1211 2440 1237 2519 ²,
1250 2459 1302 2504 au.
1320 2434 1363 2506 U.
1380 2435 1418 2506 C.

349 2568 511 2641 ucctxtt,
530 2579 598 2652 quo
614 2578 691 2624 mox
705 2548 1004 2625 demonstrabimus
1022 2547 1164 2623 Nasonis
1180 2544 1328 2621 exsilium
1341 2577 1422 2625 cou-

348 2670 471 2768 tigisse.

399 2789 487 2863 iiiuc
506 2804 554 2862 est
573 2787 663 2889 quod
685 2784 862 2861 Bucherius
878 2815 918 2861 er
935 2785 1052 2890 eodem
1069 2783 1144 2859 loco
1163 2784 1321 2875 deducat,
1340 2788 1423 2860 Ovi-

351 2902 442 2977 dium
460 2902 590 2976 circiter
606 2922 655 2977 xx
679 2902 840 2978 Novemb.
867 2901 968 3005 hujus
990 2899 1070 2975 anui
1100 2900 1207 2974 Roma
1223 2900 1421 2976 discessisse.

353 3052 372 3084 «
391 3017 504 3117 Quin,
522 3017 589 3106 ait,
606 3034 638 3090 et
654 3016 725 3119 ipse
740 3016 902 3118 quosdam
917 3016 969 3091 sui
983 3043 1023 3091 ex
1035 3015 1118 3090 urhe
1135 3016 1244 3089 Roma
1258 3016 1423 3091 discessus

352 3170 371 3206 s
391 3154 569 3212 caracteres
582 3134 716 3210 indicat.
731 3135 881 3210 Primum
892 3134 994 3211 Trist.
1012 3130 1073 3208 lib.
1087 3136 1120 3223 l,
1132 3134 1224 3230 Eleg.
1240 3153 1302 3223 111,
1317 3163 1422 3235 quum

353 3285 372 3321 s
390 3252 486 3327 Luuu
500 3266 660 3329 nocturnos
667 3253 732 3326 ulto
741 3253 863 3353 regebat
874 3280 990 3354 equos,
1009 3250 1043 3324 id
1061 3269 1132 3338 cst,
1150 3249 1355 3352 plenilunio,
1371 3251 1421 3323 uti

352 3402 372 3438 ³>
393 3369 529 3460 volunt,
548 3370 640 3472 quod
657 3370 740 3446 circa
751 3389 800 3445 xx
809 3368 1006 3443 Novembris
1019 3368 1086 3444 hoc
1098 3397 1185 3444 auno
1197 3369 1258 3463 (in
1271 3396 1339 3469 quo
1351 3396 1422 3461 rer·

353 3522 371 3557 »
392 3488 530 3588 samm)
546 3488 697 3584 contigit.
715 3489 801 3561 ltem
814 3515 918 3588 quum
934 3484 1079 3587 luder,
1100 3515 1157 3562 scu
1174 3488 1288 3561 Venus
1302 3483 1338 3575 ἶ,
1355 3487 1422 3559 ori-

384 3687 393 3719 ¹
411 3683 481 3739 Vide
494 3684 592 3739 Lucus
602 3683 646 3739 lib.
660 3684 710 3750 IV,
724 3702 789 3737 vers.
803 3682 860 3737 523.

385 3778 398 3809 ²
414 3776 518 3831 Scilicet
529 3792 578 3830 xxr
587 3776 691 3832 circiter
701 3773 833 3831 Octobris.

383 3866 396 3901 ⁸
412 3867 464 3920 Vir
473 3866 537 3920 mihi
550 3878 626 3937 poete
637 3865 772 3921 rideretur
780 3865 847 3921 adeo
855 3867 942 3929 stricte
953 3865 1158 3939 intelligendus,
1173 3878 1203 3922 ut
1211 3867 1242 3921 ad
1255 3866 1334 3939 liujus
1343 3867 1422 3923 stelle

352 3960 441 4005 ortum
452 3950 623 4019 spectaverit,
636 3948 765 4019 siquidem
778 3949 872 4019 passim
887 3950 1002 4018 luciferi
1012 3952 1121 4005 nomine
1137 3954 1216 4014 dien,
1233 3951 1324 4005 solisve
1337 3950 1423 4005 lucem

350 4032 380 4086 in
393 4049 490 4102 genere
501 4030 624 4101 indigitat
645 4030 757 4097 Noster,
778 4049 835 4084 nou
848 4051 923 4086 secus
934 4051 964 4088 sc
981 4033 1023 4087 alii
1042 4045 1133 4104 poete.
1146 4034 1202 4091 Nec
1213 4034 1292 4087 etiam
1304 4034 1331 4090 in
1349 4044 1423 4089 tento

349 4117 422 4173 luctu
433 4116 519 4181 dorni,
528 4114 580 4170 suis
590 4126 617 4170 et
626 4116 715 4171 amicis
724 4115 871 4173 valedicens
881 4118 956 4173 aliter
967 4121 1062 4189 potuit,
1071 4139 1151 4190 quarn
1161 4120 1225 4175 lucis
1237 4117 1321 4175 dieive
1328 4130 1421 4173 exortu

350 4200 468 4266 novisse,
484 4197 599 4263 Luciferi
620 4216 667 4252 seu
683 4196 796 4252 Veneris
817 4198 919 4255 stellam
940 4200 1020 4255 fuisse
1040 4202 1095 4269 jam
1114 4212 1239 4256 exortam.
1256 4200 1312 4256 Suo
1330 4211 1421 4255 tanten

349 4278 527 4356 unusquisque
542 4284 647 4340 fruetur
656 4283 756 4357 judicio
762 4305 773 4353 5
786 4303 870 4354 quum
878 4285 907 4339 id
918 4285 991 4355 perri
1001 4286 1035 4341 sit
1045 4286 1096 4342 isac
1106 4288 1135 4342 in
1149 4307 1178 4342 re
1191 4287 1330 4341 momenti.
