3159 5134
422 556 489 621 ar
513 549 899 622 annrarrortas.
1131 554 1201 646 2s9

127 714 256 774 atatem
274 713 435 798 quaestor,
454 713 578 797 prator
595 713 630 770 et
642 693 759 770 consul
775 694 883 770 sactus
896 713 957 771 est.
974 696 1016 769 ln
1029 713 1201 796 quaestura

128 831 164 888 et
178 829 330 915 praetore
345 810 473 886 bonore
492 810 563 885 'dux'
577 811 732 900 Rhetici,
758 811 876 887 deinde
897 812 1085 888 Germanici
1099 811 1203 903 belli,

129 928 396 1032 praclamssimas
412 935 465 1004 res‘
482 928 600 1023 gessit,
627 953 711 1029 quas
726 928 912 1002 recensebit
928 928 1071 1004 Ovidius
1085 960 1095 1018 3
1114 930 1204 1005 unde

128 1050 184 1148 jus
198 1047 319 1122 orandi
333 1065 367 1122 et
382 1044 595 1148 triumphalia
608 1048 696 1147 cepit
705 1064 905 1121 ornamenta.
920 1048 1004 1122 Post
1017 1066 1204 1150 praetumm,

132 1161 217 1242 inito
233 1162 345 1237 statim
358 1158 543 1247 consulatu,
557 1159 690 1261 repetiit
704 1159 948 1263 expeditionem
961 1160 1206 1253 Germanicam

133 1278 194 1353 nbi
209 1278 352 1366 morbo,
377 1303 475 1374 quem
495 1276 630 1376 exequi
653 1273 750 1377 lapsu
772 1291 996 1365 contraxerat,
1014 1305 1207 1378 supremum

135 1394 221 1469 mem
240 1392 352 1481 obiit,
378 1392 413 1466 io
438 1390 560 1467 aestivis
582 1391 717 1476 eastris,
739 1416 812 1491 qua
837 1416 876 1462 ex
897 1388 1112 1466 eoscelerata
1129 1411 1209 1470 sunt

134 1504 309 1609 adpellata.
332 1540 349 1571 α
377 1504 580 1579 Adolescens
604 1502 678 1592 ille,
702 1502 813 1604 inquit
834 1500 1007 1594 Velleius,
1026 1523 1078 1580 tot
1100 1525 1209 1583 tanta-

139 1656 156 1696 a
176 1646 319 1722 rumque
336 1620 498 1694 rirtmum
514 1619 594 1706 suit,
614 1636 697 1720 quot
713 1636 747 1692 et
764 1635 905 1718 quantas
925 1637 1043 1695 natura
1061 1622 1210 1699 mortalis

140 1774 158 1805 a
177 1737 315 1840 recipit,
336 1736 386 1812 vel
412 1735 576 1811 industria
593 1735 763 1838 percipit:
788 1736 883 1835 cujus
909 1736 1076 1832 ingenium
1098 1759 1211 1818 utrum

142 1889 159 1920 »
177 1852 308 1927 bellicis
320 1851 426 1947 magis
437 1849 613 1952 operibus,
624 1879 665 1923 an
676 1849 830 1924 civilibus
842 1849 1160 1944 suffeceritartibus,
1174 1857 1212 1932 in

143 2004 161 2035 a
181 1969 310 2044 incerto
321 1983 380 2042 est.
395 1967 533 2039 Moram
543 1982 629 2039 certe
643 1962 800 2052 dulcedo,
816 1984 849 2040 et
861 1967 1004 2042 suavitas
1014 1969 1212 2047 etadversus

146 2120 163 2151 »
183 2084 307 2160 amieos
326 2110 439 2183 aqua,
455 2109 494 2155 ac
512 2109 574 2183 par
597 2081 649 2156 sni
666 2080 861 2171 aetimatio,
880 2082 1087 2158 inimitabilis
1109 2086 1212 2165 fuisse

146 2201 327 2289 sdicitur,
355 2217 389 2275 et
411 2200 530 2274 eximia
558 2198 707 2302 corporis
729 2192 956 2300 pulchritudo.
980 2199 1080 2276 lllum
1102 2220 1214 2280 autem

147 2352 164 2385 s
184 2346 301 2415 magna
328 2334 485 2417 exparte
513 2316 713 2392 domitorem
739 2317 943 2406 Germanic,
971 2317 1116 2421 plurimo
1144 2323 1215 2424 ejus

148 2470 166 2502 o
184 2435 312 2533 gentis,
334 2432 432 2508 variis
450 2433 485 2505 in
507 2430 609 2521 locis,
627 2432 766 2533 profuso
783 2432 964 2528 sanguine,
985 2434 1128 2510 fatorum
1148 2436 1216 2511 ini·

149 2586 166 2617 »
186 2552 315 2653 quitas,
330 2548 519 2638 consulem,
532 2568 683 2646 agentem
694 2577 819 2622 annum
834 2548 1049 2638 tricesimum,
1062 2552 1181 2653 rapuit.
1194 2588 1213 2621 a

139 2665 239 2741 ‘Nihil
251 2665 380 2740 adtimt
397 2689 655 2739 commemorare
668 2692 733 2765 qua
749 2689 888 2763 pompa,
907 2668 966 2758 (ea
985 2666 1154 2766 triumpho
1171 2667 1217 2741 si·

149 2782 289 2857 millima
300 2782 391 2882 suit)
408 2807 530 2882 corpus
543 2781 685 2856 relatum
696 2781 730 2854 in
745 2780 881 2868 urbem,
899 2798 1093 2871 crematum,
1108 2781 1218 2884 sepul·
1314 2845 1320 2854 .

148 2918 284 3002 tumque
302 2900 337 2973 in
356 2927 474 3000 campo
501 2898 627 2972 Martio
653 2923 661 2970 t
682 2914 786 2998 utque
810 2895 1000 2971 defunctum
1027 2927 1129 2999 quum
1153 2927 1217 3000 pro
1348 2870 1366 2892 i

149 3016 310 3092 concione
325 3014 474 3089 laudaret
485 3015 679 3109 Angustus,
696 3014 789 3087 Deos
806 3032 960 3114 precatus
975 3015 1038 3103 sit,
1052 3015 1176 3093 similes
1189 3017 1218 3090 ei

151 3136 296 3210 Casuras
312 3160 393 3208 suos
408 3131 571 3217 facerent,
594 3130 727 3231 sibique
743 3148 809 3205 tam
827 3130 1004 3207 honestum
1020 3136 1219 3238 quandoque

151 3253 274 3326 exitum
291 3249 422 3336 darent,
442 3275 541 3349 qnam
559 3245 608 3320 illi
624 3246 801 3322 dedissent
824 3248 979 3347 Elogium
997 3250 1134 3353 insuper
1148 3281 1222 3328 ren

152 3368 277 3442 sibusa
291 3391 327 3439 se
336 3364 550 3465 compositis,
565 3361 741 3465 sepulchro
754 3360 951 3464 insculpsit,
969 3393 1134 3467 prosaque
1147 3395 1221 3442 ora-

154 3484 262 3570 tione,
281 3481 381 3555 vitam
393 3480 463 3580 ejus
475 3479 667 3581 complexus
677 3497 738 3553 est.
753 3479 849 3553 Livia
859 3495 979 3568 mater,
991 3479 1103 3555 andita
1114 3501 1224 3558 morto

153 3596 232 3688 lilii,
248 3598 284 3669 in
302 3595 411 3696 primo
428 3592 487 3667 illo
503 3593 631 3681 furore,
652 3599 757 3696 quum'
768 3592 908 3666 maxime
921 3591 1046 3669 feroces
1056 3594 1222 3695 impoten-

156 3731 269 3815 tesqne
292 3729 372 3785 sont
394 3711 554 3801 miseria,
572 3739 607 3787 se
634 3707 869 3785 consolandam
892 3707 991 3781 Arrio
1017 3707 1223 3813 philosppbo

155 3824 379 3901 Alexandrino
397 3823 564 3928 prebuit:
590 3826 625 3899 in
650 3851 753 3925 eaque
777 3821 921 3917 orbitate
942 3823 1125 3899 masculum
1149 3830 1223 3899 ani·

156 3973 264 4032 mum,
286 3942 473 4044 seminaque
490 3943 640 4045 principe
657 3942 790 4039 dignam
813 3940 1030 4015 constantiam
1046 3941 1198 4017 exhibuit
1215 3973 1224 4028 ς

158 4078 195 4134 ut
209 4088 283 4161 qua
298 4059 399 4134 simul
412 4088 488 4134 cum
503 4060 610 4134 cinere
623 4075 723 4158 atque
741 4056 875 4132 ossibus
888 4055 949 4129 filii
966 4056 1113 4132 dolorem
1127 4086 1225 4132 sunm

160 4178 228 4275 ejus
245 4177 377 4253 tumulo
393 4175 552 4252 intulerit.
580 4177 660 4250 llaec
679 4172 839 4248 eVelleio
862 4171 1060 4262 Paterculo,
1084 4175 1224 4259 Seneca,

159 4291 285 4380 Plinio,
298 4291 476 4380 Suetonio,
489 4290 647 4367 Cornelio
661 4289 797 4379 Tacito,
808 4290 953 4389 epitoma
963 4289 1065 4382 Livii,
1079 4290 1114 4363 in
1124 4318 1228 4391 pauca

278 4418 312 4486 V
312 4416 393 4483 ΙΙΙ.
967 4435 1007 4505 19
