3159 5134
428 525 492 591 nr
517 523 891 595 nassamones.
1059 620 1061 625 .
1130 529 1195 622 aoy

121 664 320 749 maritanas,
332 663 523 737 mmuteutio
531 663 708 758 sobohrum
717 665 1001 739 involucristectom.
1018 667 1103 763 Qua
1119 665 1200 741 deli-

124 783 223 870 nitio,
235 809 337 884 Qum
348 781 420 881 ejus
431 781 524 882 quod
532 780 688 854 delinitur
696 801 845 856 naturam
856 800 1024 885 utcunque
1033 784 1197 885 explanet,

126 897 264 974 minime
280 896 411 971 ridetur
426 895 682 997 adspernanda‘:
699 898 828 972 tametsi
842 898 1008 1000 pleniores
1024 899 1079 973 illa
1099 919 1198 1002 atque

127 1009 368 1086 luculentiores
383 1025 514 1083 exstent
527 1036 630 1110 mum
643 1008 784 1084 aliorum
800 1010 1022 1099 definitiones,
1038 1031 1107 1087 turn
1121 1013 1199 1088 Pla-

131 1127 221 1202 tonis
235 1125 407 1228 inprimis,
425 1153 507 1226 quas
519 1125 585 1200 huc
595 1125 783 1200 adscribere
791 1128 963 1227 praesentis
977 1129 1123 1204 instituti
1134 1159 1202 1203 non

130 1262 193 1320 est
204 1245 255 1318 ac
267 1241 413 1344 poetices
425 1242 564 1316 notione
575 1243 810 1344 comprehendi
821 1271 1035 1347 quacumque
1047 1244 1205 1322 doctrinae

130 1381 166 1437 et
175 1361 375 1438 cruditionis
385 1360 806 1462 adpellationecenseutur,
819 1362 884 1437 hoc
894 1382 960 1453 est,
973 1391 1102 1438 ornnem
1117 1365 1205 1467 opti·

130 1506 260 1553 marum
278 1503 387 1550 rerum
402 1477 628 1573 coguitionem
648 1493 748 1578 atque
771 1477 1015 1566 tractationem,
1033 1479 1124 1580 quod
1142 1478 1205 1554 sci·

132 1596 212 1670 licet
228 1612 279 1670 est
296 1593 444 1669 studium
462 1595 653 1695 sapientia,
684 1594 808 1669 Gracia
831 1595 1009 1684 araneola,
1027 1596 1114 1671 inter
1132 1626 1206 1673 eru·

134 1711 226 1786 ditos
241 1727 394 1784 constare
405 1708 519 1798 video;
533 1710 620 1784 sicut
633 1736 741 1810 neque
755 1708 795 1784 dc
805 1737 845 1783 eo
857 1709 1032 1810 disceptari
1045 1712 1205 1802 arbitror,

136 1828 226 1932 quod
247 1828 364 1903 Cicero
383 1827 567 1903 adlinnavit
584 1826 674 1929 apud
703 1826 857 1914 Graecos,
882 1854 901 1899 a
925 1826 1050 1927 quihus
1075 1856 1205 1905 omnem

137 1945 490 2024 humanitatislaudem
498 1945 609 2020 Latini
620 1945 787 2047 adcepere,
798 1944 1205 2046 antiquissimumedoctis

135 2092 208 2140 esse
225 2057 330 2160 godus
345 2080 537 2164 poetarum,
559 2089 631 2163 quae
645 2063 734 2137 enirn
751 2059 967 2150 Aristoteles,
981 2060 1142 2158 singulari
1158 2062 1209 2136 vir

134 2180 291 2277 ingenio,
307 2197 407 2281 atque
425 2176 567 2252 scientia
584 2177 679 2279 copia
697 2176 900 2266 admirabili;
921 2205 993 2278 qua
1005 2195 1081 2253 ante
1097 2178 1206 2279 ipsum

136 2296 271 2371 divinus
287 2293 406 2381 Plato;
434 2321 508 2394 quae
520 2293 663 2395 denique
682 2311 827 2394 utroque
848 2292 1067 2393 antiquiores,
1087 2291 1209 2368 Thales

136 2412 279 2499 ionicae,
296 2428 329 2483 et
356 2408 564 2509 Pythagoras
585 2408 704 2484 italica
729 2408 950 2513 philosophia
977 2409 1153 2511 princeps,
1170 2408 1211 2483 dc

138 2530 233 2617 Deo,
248 2527 290 2600 de
304 2527 487 2600 animarum
501 2525 763 2615 immortalitate,
782 2527 823 2602 de
841 2545 966 2602 naturae
983 2527 1208 2614 obscuritate,

138 2643 180 2718 dc
197 2641 267 2715 vita
282 2668 319 2715 ac
334 2640 485 2715 moribus
500 2641 745 2729 disseruerunt,
770 2639 940 2742 literisque
965 2640 1208 2742 prodiderunt,

140 2784 178 2831 ea
193 2783 264 2829 non
281 2752 432 2857 ipsorum
444 2755 546 2830 fuisse
556 2755 704 2845 inventa,
721 2755 780 2830 sed
793 2755 851 2856 qui
866 2753 996 2856 aliquot
1015 2783 1073 2828 eos
1090 2752 1211 2830 seculis

138 2888 390 2947 antecesserunt
398 2888 586 2972 poetarum,
602 2871 747 2974 Orphei,
759 2872 878 2978 Musei
888 2927 898 2961 ,
908 2871 984 2945 Lini
997 2928 1007 2961 ,
1019 2889 1118 2974 atque
1128 2871 1211 2946 adeo

140 2985 281 3061 Homeri
292 2985 400 3086 ipsius
413 2986 577 3062 exstitisse
589 2988 761 3084 dogmata,
779 2986 916 3089 planum
926 2986 997 3062 fieri
1008 3004 1131 3089 potest.
1142 2988 1212 3062 Ne-

140 3131 207 3205 que
231 3131 303 3177 non
323 3098 409 3175 illud
432 3103 641 3206 manifestum
665 3121 737 3191 cst,
762 3105 926 3205 poeticam
951 3104 1173 3182 elocutionem
1193 3137 1211 3181 a

141 3247 295 3298 sermone
310 3219 473 3321 pedestri,
491 3220 549 3321 qui
571 3218 785 3322 philosophis
809 3240 860 3296 est
882 3223 1073 3314 familiaris,
1091 3224 1214 3302 discre-

140 3368 223 3444 pare
238 3338 450 3441 potissimum
465 3342 513 3431 rs?
524 3338 621 3427 uldra,
642 3337 782 3412 faciente
796 3339 883 3413 inter
894 3339 986 3414 hunc
998 3359 1031 3417 et
1040 3339 1132 3416 illam
1144 3342 1213 3418 dis-

142 3454 268 3529 crimen
279 3451 478 3528 elocutionis
486 3452 593 3529 forma
603 3509 613 3540 ,
624 3452 690 3526 hoc
699 3469 768 3541 est,
778 3470 901 3542 metro,
916 3454 983 3528 sive
993 3484 1100 3545 versu,
1115 3485 1213 3558 mem

141 3600 164 3645 a
172 3566 395 3642 concinnitate
408 3584 541 3655 cantus,
556 3595 655 3668 quam
668 3566 773 3642 Graeei
786 3566 924 3666 ipsulm
936 3568 1129 3658 nominant,
1144 3598 1213 3645 car-

140 3713 220 3762 men
244 3701 487 3787 nuncuparunt
515 3685 593 3759 Haoc
618 3684 721 3780 igitur
745 3682 1027 3759 situel-mediocri
1045 3684 1214 3761 literarum

141 3801 337 3899 cognitione
352 3799 491 3875 imbutis
508 3828 578 3882 non
595 3798 765 3896 incognita
781 3826 853 3874 esse
873 3800 1026 3876 existimo
1045 3831 1053 3876 ε
1075 3802 1123 3877 ita
1146 3830 1215 3876 non

141 3945 238 4019 aeque
262 3914 437 4004 omnibns,
464 3941 538 3989 meo
566 3915 700 4017 quidem
715 3916 865 4015 judicio,
889 3918 1047 4019 exposita
1065 3936 1145 3993 sunt
1164 3947 1217 3991 ra·

142 4036 274 4123 tiones,
293 4031 417 4134 quibus
433 4031 583 4107 adducta
599 4049 745 4106 veterum
763 4034 950 4135 sapientum
972 4033 1126 4122 familia,
1152 4033 1217 4108 Dei

141 4147 265 4252 optimi
288 4147 421 4222 maximi
442 4175 479 4221 ac
496 4165 620 4223 natura
637 4147 791 4250 mysteria
815 4148 1002 4224 fabularum
1025 4149 1220 4225 commeritis

143 4255 426 4369 comprehendere
439 4283 540 4367 atque
556 4264 724 4341 occultare
738 4264 937 4341 studuerint.
964 4264 1017 4340 Dc
1039 4265 1162 4368 quibus
1185 4267 1220 4341 in
