3159 5134
356 506 424 593 tut
601 505 1176 575 uor1u1sn1unrau1s

843 637 929 699 1518.

395 754 557 816 Heroidum
571 753 730 832 Epistolae,
751 754 789 815 Α.
809 754 905 816 Sabini
924 754 1084 833 Epistulae,
1100 755 1135 814 de
1150 756 1234 814 Nuce
1254 752 1375 836 Elegia,
1403 754 1447 813 de

356 854 546 918 Medicamine
558 851 647 913 faciei.
674 856 709 913 ln
721 854 777 914 fine
789 875 797 912 ε
814 879 830 909 ι
841 853 1050 936 Argentorati,
1065 876 1100 915 ex
1114 852 1228 915 officina
1239 853 1447 915 Schurcriana

355 974 453 1014 mense
463 953 571 1014 Martio
582 952 772 1012 MDXVIII.
787 981 803 1007 »
820 950 917 1025 irs-4⁰.
927 953 1101 1026 -Pauzer,
1117 964 1188 1014 tom'.
1200 954 1265 1024 VI,
1278 973 1344 1034 pag.
1360 948 1418 1010 88.

398 1052 543 1113 Amorum
560 1047 626 1112 libri
641 1065 722 1127 tres,
740 1052 775 1112 de
791 1051 980 1112 Medicamine
994 1050 1074 1112 faciei
1088 1050 1218 1125 libellus,
1234 1063 1264 1111 et
1279 1053 1356 1112 Nux.
1375 1054 1443 1111 in-

359 1150 447 1211 finitis
464 1170 546 1229 paene
563 1149 707 1210 erroribus
724 1150 951 1231 manuscriptis
971 1149 1174 1228 exemplaribus
1187 1149 1347 1210 emaculati.
1363 1151 1441 1210 Una

359 1272 425 1312 cum
440 1248 587 1311 Domiuici
603 1248 689 1330 Nigri
701 1248 805 1308 Veneti
823 1248 1055 1310 luculentissimis
1073 1248 1298 1310 enarrationibus
1312 1247 1438 1308 :addito

357 1347 452 1408 indice
467 1367 587 1419 eorum,
608 1368 673 1428 quae
692 1346 781 1429 digua
795 1359 897 1408 notatu
910 1348 968 1409 visa
982 1360 1059 1409 sunt.
1084 1347 1139 1408 His
1156 1348 1274 1430 insuper
1290 1347 1437 1408 accedunt

360 1446 449 1507 Puler
462 1458 492 1505 et
504 1445 662 1506 Philomela
675 1468 682 1504 ε
695 1446 762 1507 lieet
772 1445 843 1506 falso
861 1445 972 1507 Nasoni
985 1444 1188 1507 adscribantur.
1201 1448 1235 1506 ln
1250 1445 1308 1504 fine
1324 1468 1331 1503 ε
1346 1447 1434 1505 «Ve-

359 1546 462 1621 netiis,
485 1546 517 1604 iu
536 1544 644 1606 aedibus
662 1543 783 1605 Tacuini
800 1544 835 1605 de
854 1544 999 1617 Tridino,
1014 1564 1091 1606 anno
1107 1543 1312 1638 mvltvm,
1334 1564 1433 1605 mense

277 1655 279 1660 '
359 1643 504 1705 Januario.
519 1670 535 1697 »
546 1675 588 1689 -·
599 1642 695 1703 iu-iol.
705 1677 747 1698 *-
760 1646 883 1717 Panrer,
900 1655 975 1702 tom.
989 1643 1092 1718 vm,
1108 1663 1172 1725 pag.
1186 1641 1256 1719 445.

401 1743 484 1803 Libri
499 1743 534 1804 de
551 1743 625 1804 Arte
638 1742 763 1804 rimandi
779 1755 809 1804 et
825 1743 861 1803 de
876 1741 1016 1802 Remedio
1033 1743 1170 1819 Amoris,
1186 1764 1241 1804 una
1261 1765 1329 1803 cum
1342 1742 1428 1804 lucu·

361 1845 525 1905 lentissimis
538 1845 748 1906 commentariis
757 1844 855 1905 Barth.
864 1842 986 1904 Merulae
997 1886 1006 1917 ,
1016 1841 1111 1904 etaliis
1127 1843 1321 1906 additionibus
1330 1844 1427 1906 novis:

361 1965 452 2026 nuper
468 1944 498 2003 in
513 1942 606 2004 lucem
620 1942 749 2017 emissis,
764 1943 973 2024 aptissimisque
987 1942 1086 2026 liguris
1104 1941 1213 2020 ornati,
1232 1956 1287 2005 etc.
1302 1945 1340 2004 In
1354 1943 1427 2003 fine:

363 2069 378 2094 α
391 2045 565 2124 impressum
576 2041 724 2115 Venetiis,
736 2039 767 2100 in
776 2040 885 2102 sedibus
896 2041 1017 2102 Joannis
1033 2042 1153 2102 Tacuini
1163 2040 1199 2102 de
1209 2042 1347 2118 Tridino,
1355 2062 1428 2103 anno

361 2143 481 2204 Domini
495 2143 696 2217 MDXVIII,
714 2141 761 2201 die
775 2158 818 2202 xx
833 2139 1015 2224 Februarii.»
1035 2142 1128 2205 in-tol.
1139 2178 1181 2190 -
1191 2143 1310 2216 Pauser,
1322 2142 1391 2203 ibid.

399 2238 644 2317 Metamorphosis
661 2260 726 2299 cum
738 2237 970 2301 luculentissimis
980 2242 1073 2324 liaph.
1088 2242 1175 2325 Regii
1183 2240 1429 2316 enarrationibus,

363 2339 465 2423 quibus
476 2362 541 2401 cum
551 2340 604 2400 alia
618 2338 745 2421 qnaedam
760 2339 901 2418 adscripta
914 2351 1000 2401 sunt:
1014 2363 1079 2423 qnae
1092 2341 1124 2401 in
1138 2340 1342 2420 exemplaribus
1353 2354 1431 2402 antee

363 2440 507 2517 impressis
534 2460 595 2499 non
619 2437 803 2500 inveniuntur
821 2460 829 2497 ε
852 2451 915 2499 turn
935 2460 1035 2501 eorum
1057 2440 1190 2524 apologia
1211 2464 1276 2522 quae
1291 2440 1431 2503 inmuta

365 2536 531 2620 quibusdam
545 2536 724 2615 reprehensa,
746 2538 782 2596 In
796 2535 852 2596 fine
867 2559 875 2595 ε
892 2563 906 2589 ι
927 2540 1099 2620 impressum
1110 2538 1255 2612 venetiis,
1267 2560 1319 2620 per
1335 2541 1432 2600 Joan-

363 2658 429 2699 nem
446 2635 606 2698 Tacuinum
617 2637 652 2698 de
668 2635 797 2697 Tridino.
814 2638 1001 2698 Mvanl.
1015 2664 1031 2694 s
1047 2638 1308 2701 in-iol.-Panzer
1319 2681 1328 2712 ,
1340 2639 1411 2701 ibid.

404 2735 652 2817 Metamorphoses
667 2757 732 2795 cum
749 2735 828 2794 Petr.
846 2736 956 2797 Lavinii
972 2739 1163 2822 tropologicis
1177 2738 1375 2800 nonnullarum
1388 2737 1431 2797 sa-

363 2834 492 2897 bularum
502 2832 736 2897 enarrationibus·
754 2835 935 2917 «Lugduni,
949 2836 979 2896 in
990 2835 1098 2897 cedibus
1118 2837 1241 2898 Simonis
1255 2834 1428 2916 navisque.

362 2938 552 2998 MDXVIII.
567 2964 582 2991 s
600 2935 699 2998 in-lol.
710 2936 886 3011 -Panser,
903 2949 975 2998 tom.
992 2940 1076 3013 VII,
1094 2960 1157 3022 pag.
1169 2936 1237 2998 321.

855 3049 940 3135 1519.

300 3234 304 3246 ¹
404 3166 503 3230 Ovidii
518 3165 641 3226 Nasonis
655 3165 719 3224 Vita
733 3184 767 3224 ex
783 3165 872 3242 ipsius
888 3165 968 3226 libris
982 3168 1143 3245 Excerpta,
1167 3165 1329 3228 Heroidum
1344 3166 1429 3244 Epis-

362 3267 454 3339 tolae,
479 3265 620 3324 Amorum
635 3261 701 3322 libri
717 3263 782 3338 111,
800 3262 835 3323 de
849 3263 921 3324 Arte
937 3264 1059 3326 Amandi
1074 3266 1140 3326 libri
1158 3267 1224 3341 ΙΙΙ,
1241 3266 1277 3325 de
1290 3265 1429 3326 Remedio

365 3353 483 3427 Amoris
500 3362 565 3422 libri
580 3362 633 3436 II,
650 3361 685 3422 de
701 3361 889 3423 Medicamine
907 3364 1011 3449 faciei,
1036 3367 1125 3440 Nux,
1144 3365 1318 3439 Somnium,
1340 3364 1429 3425 Pnlex

362 3478 392 3526 et
399 3462 558 3525 Philomela
567 3504 577 3536 ,
587 3462 712 3544 quamvis
724 3462 823 3524 Ovidii
837 3484 897 3523 esse
908 3463 1038 3525 dicantur
1050 3508 1059 3539 ,
1071 3486 1131 3526 non
1142 3465 1230 3546 magis
1238 3475 1332 3523 tamen
1342 3463 1429 3540 ipsius

363 3575 451 3639 sunt,
469 3585 552 3645 quam
567 3558 664 3622 Sabini
680 3573 738 3622 tres
754 3561 834 3634 illae,
856 3585 920 3643 quae
933 3563 975 3624 illi
996 3562 1195 3625 adscribuntur
1211 3561 1359 3640 Epistolce.
1385 3561 1430 3622 Ne

365 3661 436 3745 quid
449 3678 544 3725 tamen
561 3661 712 3722 desiderari
726 3682 742 3720 a
757 3659 841 3721 nobis
865 3663 976 3738 possit,
992 3664 1055 3725 haec
1074 3665 1158 3723 etiam
1181 3662 1370 3744 adjunximus.
1394 3662 1429 3720 ln

367 3762 424 3821 fine
443 3784 450 3820 :
469 3787 484 3816 u
504 3759 681 3834 Florentiae,
697 3782 749 3838 per
765 3759 883 3819 heredes
896 3759 1022 3842 Philippi
1043 3762 1141 3822 Juntae
1157 3758 1334 3834 florentini,
1355 3777 1430 3819 anno

365 3860 485 3920 Domini
505 3859 672 3933 MDXIX,
691 3861 792 3920 Leone
812 3859 933 3920 Decimo
956 3859 1101 3938 pontifice.
1116 3887 1131 3914 n
1149 3858 1429 3932 tute-Pauo,

364 3948 436 4021 tom.
447 3960 531 4033 vn,
546 3977 608 4039 pag.
625 3955 673 4016 31.

406 4057 579 4135 Quindecim
593 4058 866 4138 Metamorphoseon
883 4057 969 4132 libri,
985 4077 1049 4120 cum
1061 4059 1119 4119 vita
1135 4058 1288 4132 Nosonis,
1306 4077 1358 4135 per
1374 4054 1431 4114 At-

365 4159 434 4221 dum
456 4156 627 4219 Manutinm.
645 4156 844 4232 Argenuus,
859 4157 1068 4240 per'Joauuem
1086 4156 1260 4218 Kuottouct.
1279 4153 1375 4228 irs-4⁰.
1391 4186 1432 4199 -

365 4259 490 4333 Panter,
503 4267 575 4317 tom:
586 4254 655 4330 vl,
672 4273 734 4335 pag·
748 4273 799 4335 9⁰·
