3159 5134
380 537 441 599 r5o
704 535 743 599 P.
769 525 947 603 OVIDll
970 535 1101 604 VITA

373 673 506 748 lnduoit
521 699 639 774 nempe
660 690 759 774 poeta
777 673 972 775 quemdam,
995 675 1056 777 qui
1080 704 1155 750 enm
1182 667 1329 752 velutin
1356 682 1440 755 Arte

283 847 288 860 ,
374 791 516 865 durandi
529 790 721 886 magistrum
738 809 882 867 mutus
895 795 1001 894 ipsius
1014 776 1113 896 opera
1131 796 1254 870 istob
1270 796 1439 886 indicarit,
1550 883 1557 900 Ι

318 923 322 936 ’
374 906 452 980 bine
468 906 620 1008 inprimis
636 909 819 1008 aperuerit,
834 908 988 983 Heroides
999 910 1042 984 ab
1055 909 1314 986 eononoinnatas
1325 941 1333 1001 ;
1346 913 1440 1015 quod

373 1023 448 1099 aliis
464 1051 560 1099 verus
573 1041 690 1099 auctor
705 1024 822 1101 luisset
835 1026 983 1121 ignotus.
1003 1026 1127 1101 Confer
1144 1026 1321 1103 versiculos
1338 1059 1441 1132 supe-

375 1138 445 1214 rius
461 1167 494 1212 n.
517 1166 557 1212 11
577 1140 757 1241 appositos.

422 1257 481 1327 lv.
500 1256 573 1330 Abs
592 1284 628 1329 re
644 1285 713 1329 uon
734 1256 796 1331 erit
821 1273 855 1330 et
878 1256 933 1330 bio
958 1255 1169 1346 observasse,
1190 1285 1262 1359 qua
1283 1260 1349 1332 Dio
1371 1268 1379 1297 ¹
1398 1258 1441 1331 ad

377 1372 465 1446 huno
486 1400 608 1447 annum
633 1372 674 1446 de
696 1373 801 1460 Livio
821 1374 943 1473 porticu
960 1371 1075 1461 tradit,
1096 1374 1190 1474 cujus
1204 1378 1298 1451 Naso·
1309 1377 1344 1450 in
1358 1378 1444 1451 Arte

376 1489 557 1574 Amotonb,
578 1517 638 1562 ceu
653 1489 721 1587 jann
732 1488 936 1564 exaedificato
950 1490 1122 1578 meminit3
1141 1492 1303 1593 siquidem
1314 1509 1348 1566 et
1363 1492 1442 1566 bino

375 1605 483 1709 polam
492 1607 564 1695 fist,
583 1611 748 1683 Nasonem
758 1608 901 1683 nonnisi
913 1626 992 1709 post
1003 1608 1072 1682 bac
1086 1625 1313 1710 temporaeam
1324 1611 1443 1684 Artem

378 1749 448 1796 esse
463 1721 626 1798 molitum.
644 1725 833 1804 Historicus
853 1724 956 1821 igitur
979 1723 1035 1798 ille
1055 1725 1200 1816 nobilis,
1218 1755 1321 1828 quum
1344 1726 1446 1801 Vedii

377 1839 529 1918 Pultoni
540 1858 699 1930 mortun,
716 1859 748 1915 et
763 1870 837 1942 qua
848 1843 1005 1936 Augusto
1016 1839 1154 1942 aliisque
1167 1840 1347 1937 legaverat,
1364 1871 1444 1916 nar-

377 1955 534 2044 ravisset,
552 1956 645 2029 addit
662 1986 670 2029 :
693 1990 710 2022 «
729 1957 904 2058 iussitque
918 1957 1095 2056 (Vedius)
1111 1975 1150 2032 ut
1165 1956 1291 2059 populo
1307 1957 1443 2060 perpul-

380 2105 398 2138 »
418 2071 534 2146 ebrum
555 2101 643 2174 opns
661 2090 852 2150 strueretur.
878 2073 962 2172 Eius
976 2073 1087 2175 operis
1102 2074 1241 2149 faciendi
1261 2093 1442 2176 protextu,

381 2225 398 2256 s
418 2219 452 2264 re
469 2208 578 2263 autem
595 2217 688 2276 vera,
716 2190 869 2290 nequod
891 2190 988 2264 Vedii
1011 2191 1046 2266 io
1071 2191 1155 2265 urbe
1170 2209 1310 2268 exstaret
1323 2219 1444 2268 monu-

380 2339 398 2371 n
417 2324 588 2391 mentum,
612 2323 716 2378 EDES
741 2302 906 2380 Pollionis
931 2306 1081 2383 funditus
1106 2309 1223 2382 evertit
1243 2310 1442 2404 Augustus3

382 2454 400 2484 »
418 2437 517 2521 atque
534 2437 690 2494 1²03le
706 2420 756 2495 ibi
771 2421 1014 2511 circumducta,
1027 2451 1097 2497 uon
1111 2421 1289 2510 Pollionis,
1307 2423 1366 2498 sed
1381 2426 1444 2498 ln-

383 2567 402 2604 »
422 2555 499 2609 vlffl
523 2563 645 2610 nomen
671 2536 849 2636 inscripsit
874 2538 939 2613 Sed
964 2539 1032 2613 baec
1054 2538 1294 2640 posterioribus
1319 2539 1444 2636 (NB.)

382 2687 400 2718 »ι
422 2653 629 2752 temporibus
643 2652 727 2726 sacta
744 2673 831 2729 sunt.
851 2690 868 2720 »
894 2656 1035 2730 Ovidius
1049 2676 1159 2732 autem
1174 2658 1319 2733 eamdem
1332 2658 1445 2758 porti-

380 2797 454 2841 cum
479 2767 567 2842 velut
586 2768 652 2867 jam
674 2788 894 2845 constructam
917 2790 1078 2844 memorat
1093 2772 1166 2845 Art.
1185 2775 1293 2846 Amat.
1321 2772 1379 2846 lib.
1403 2777 1444 2860 l,

380 2912 463 2960 vers.
488 2911 529 2984 71
550 2902 583 2957 et
600 2912 665 2987 72:

542 3033 598 3086 Nec
609 3031 654 3085 tibi
663 3031 776 3098 vitetur,
787 3050 846 3100 quo
857 3032 946 3101 priscis
959 3050 1045 3102 sparsa
1057 3033 1171 3100 tabellis,

447 3135 449 3138 ’
572 3125 688 3175 Porticus
701 3122 813 3174 auctoris
825 3122 901 3175 lr'er'a
915 3141 1014 3175 nomen
1026 3119 1112 3176 babet.

380 3240 436 3314 Sic
451 3256 484 3313 et
502 3237 560 3313 lib.
576 3240 646 3325 ΙΙΙ,
664 3266 765 3339 quum
783 3239 934 3339 porticus
951 3239 1101 3340 Pompeii
1116 3268 1155 3313 ao
1170 3237 1336 3340 Apollinis
1349 3237 1445 3314 Pala-

382 3356 444 3429 tini
467 3355 648 3440 laudasset,
673 3383 750 3428 mox
777 3352 877 3441 alias,
900 3354 1000 3430 Dola
1014 3355 1198 3445 nimirum,
1228 3355 1384 3441 Octauia,
1409 3373 1445 3431 et

383 3472 559 3573 Agrippa,
580 3472 633 3545 his
649 3470 803 3567 indigitat
819 3470 949 3560 verbis,
967 3498 1050 3545 vers.
1066 3470 1132 3571 391
1152 3489 1187 3546 et
1203 3469 1273 3574 392
1289 3503 1298 3545 ε

544 3618 666 3688 Quaque
676 3621 763 3672 soror'
772 3619 919 3688 conjuxque
928 3616 940 3651 ²
949 3619 1048 3687 dubl,
1061 3630 1234 3673 monumenta
1246 3630 1390 3690 pararunt,

578 3708 721 3779 leiqoe
732 3729 810 3777 gem
819 3710 831 3743 ³
839 3710 939 3764 cineta
947 3709 1050 3764 bonore
1062 3720 1146 3779 eaput.

412 3882 421 3912 ¹
440 3877 496 3931 Lib.
512 3877 583 3938 LIV,
597 3896 654 3946 pag.
666 3876 714 3931 536
725 3886 753 3930 et
763 3876 820 3944 537.

411 3962 424 3995 ³
440 3959 549 4014 Octavia
559 4000 567 4027 ,
576 3979 652 4013 soror
665 3958 784 4030 Augusti.

409 4041 422 4075 ⁸
437 4042 519 4095 Livia.

409 4127 421 4164 ⁴
438 4127 560 4195 Augusti.

409 4212 420 4245 ⁵
436 4209 569 4280 Agrippa,
580 4210 625 4278 qui
637 4209 741 4264 minti
750 4228 850 4267 corona
861 4211 972 4267 donatus
985 4213 1018 4266 ab
1027 4213 1163 4285 Δημὼ
1183 4213 1256 4267 unde
1272 4231 1335 4267 eum
1346 4210 1446 4282 Virgi-

376 4291 437 4358 lius,
451 4290 559 4345 AEneid.
580 4289 622 4344 lib.
635 4290 722 4360 Vlll‚
735 4311 800 4346 vers.
812 4292 861 4362 684
871 4333 879 4360 ,
891 4294 928 4349 sic
939 4293 1056 4365 designat
1069 4315 1076 4349 :
1089 4315 1103 4343 α
1164 4295 1206 4351 eui
1217 4294 1387 4366 belliinrigue
1397 4311 1444 4349 su·
