3159 5134
444 575 539 645 run
563 578 597 643 r.
624 574 848 644 nasson.
1120 532 1192 648 113¹

122 739 193 795 ante
217 748 317 821 quam
340 734 465 793 atatem
484 716 636 794 solebant
661 718 714 792 his
741 716 947 819 temporibus
975 734 1054 814 toga
1080 718 1185 795 libera

122 831 221 905 indui.

165 955 214 1027 Ea
226 971 336 1026 autem
350 952 379 1026 si
389 951 564 1027 Rubenius
581 951 806 1042 observasset,
822 983 890 1027 non
903 953 1032 1029 videtur
1044 952 1185 1029 fundum

127 1096 186 1141 suae
197 1066 365 1168 opinionis
374 1066 408 1139 in
422 1067 528 1140 Statio
537 1068 723 1168 positurum
735 1067 846 1142 fuisse.
864 1070 1018 1142 Attamen
1033 1068 1084 1143 Cl.
1101 1072 1188 1145 Grae

126 1184 208 1270 rins,
227 1183 286 1284 qui
300 1182 440 1257 Ferrarii
454 1181 653 1258 solutionem
663 1182 802 1279 legerat,
817 1183 1006 1258 adhucdum
1015 1184 1187 1260 adfirmare

127 1299 296 1387 sustinuit,
318 1333 336 1364 α
352 1298 453 1371 istum
468 1298 565 1372 Statii
578 1297 688 1372 locum
704 1317 874 1401 tantopere
890 1300 1018 1375 firmare
1035 1330 1105 1376 eam
1119 1305 1187 1376 Ru·

129 1452 146 1481 »
162 1417 252 1491 bertii
267 1417 481 1504 sententiam,
498 1434 536 1490 nt
551 1415 636 1489 nihil
650 1415 720 1491 lieri
732 1418 841 1519 possit
857 1418 1027 1520 liquidius.
1044 1421 1108 1493 Per
1119 1420 1188 1525 Ty-

131 1533 235 1617 »nte
256 1534 384 1633 pergit,
403 1532 487 1606 sinos
502 1531 585 1606 nibil
607 1548 720 1633 potest
742 1530 903 1629 intelligi,
930 1534 996 1607 nisi
1012 1551 1185 1635 praetexta,
1221 1600 1225 1606 .

130 1683 145 1713 t
161 1678 230 1723 non
242 1677 341 1734 vero,
358 1665 397 1722 ut
413 1648 651 1749 interpretatur
665 1649 851 1738 Ferrarius,
869 1651 979 1724 tunica
995 1651 1037 1724 ad
1054 1667 1186 1752 pectus,

131 1799 147 1830 a
162 1767 230 1841 sire
244 1767 280 1839 in
290 1766 364 1839 sinu
376 1764 444 1838 lato
455 1763 547 1838 claro
557 1764 707 1860 insignis·
722 1767 810 1863 Quis
824 1767 909 1842 enim
920 1798 1065 1870 unquam
1079 1772 1189 1846 sinunt

131 1878 283 1955 »tribuit
300 1878 435 1962 tunica,
454 1894 515 1951 etc.
536 1911 554 1942 »

171 2005 287 2102 Quum
305 2001 369 2076 boe
386 2018 519 2097 rogaret
535 2000 777 2076 eruditissimos
793 2003 862 2092 vir,
887 2033 1000 2079 versus
1024 2036 1092 2080 non
1114 2036 1189 2081 suc-

129 2120 324 2206 currebant,
342 2147 427 2220 qnos
436 2119 508 2219 ipse
516 2116 693 2191 Rubenius
706 2145 745 2190 ex
757 2117 951 2191 Albtitorunt'
954 2179 963 2204 ,
981 2136 1020 2193 ut
1032 2149 1106 2195 eum
1116 2121 1189 2197 aliis

129 2234 304 2310 arbitratur
320 2244 343 2321 ¹,
359 2233 517 2335 Epicedio
535 2233 569 2308 in
586 2234 798 2308 Maecenatem
813 2233 979 2322 laudavit,
996 2264 1078 2310 vers.
1098 2238 1166 2312 25:

291 2401 401 2472 Invida,
414 2404 476 2474 quid
490 2403 596 2458 tandem
608 2410 699 2458 tunr'ce
710 2424 825 2459 nocuere
836 2409 936 2471 solute,

321 2496 377 2550 Aut
388 2496 435 2549 tibi
447 2501 547 2549 wntosr'
554 2495 616 2566 quid
629 2516 744 2550 nocuere
756 2502 852 2554 snus?

129 2639 185 2716 ubi
201 2641 324 2716 diserte
340 2640 424 2713 sinus
441 2641 559 2714 tunicae
577 2640 771 2716 tribuuntur
786 2641 939 2716 discincta
951 2701 972 2728 ,.
982 2671 1080 2744 quam
1097 2674 1190 2742 gere-

128 2756 183 2833 bat
200 2759 383 2843 Maeeenas,
402 2753 489 2832 unde
516 2754 565 2828 illi
592 2755 748 2829 dicuntur
773 2757 900 2830 ventosi.
927 2759 995 2846 Nec
1019 2759 1114 2834 rideo
1132 2790 1192 2835 cur

129 2876 253 2950 Statius
268 2904 309 2949 eo
320 2874 397 2949 loeo
411 2902 480 2947 non
493 2874 642 2975 potuerit
655 2872 758 2968 latntn
771 2872 918 2962 clavum,
938 2904 1055 2978 quern,
1074 2873 1113 2952 n't
1124 2882 1192 2955 Ho-

129 2991 229 3065 ratios
244 2988 349 3062 babet
364 2996 396 3075 ²,
414 2986 609 3061 territabant
621 3003 744 3089 pectore
755 3046 769 3074 ,
798 3016 861 3089 pro
879 3017 946 3090 quo
965 2989 1087 3091 passim
1109 2993 1192 3067 sinus
1290 3055 1294 3066 .

127 3107 283 3208 ponitur,
304 3102 457 3180 translate
471 3131 530 3205 per
548 3102 583 3175 Τ
570 3103 660 3209 ytt'os
673 3103 757 3178 stitus
770 3101 967 3199 intelligere
984 3106 1192 3205 quemadmo-

131 3223 209 3298 dum
224 3224 365 3325 ipsemet
380 3221 463 3296 dixit
480 3220 537 3304 lib.
556 3223 616 3307 lv,
633 3219 723 3320 Sylv.
742 3239 791 3307 lt,
811 3249 892 3294 vers.
910 3220 977 3320 76:

293 3395 357 3449 Jam
369 3406 395 3449 te
406 3391 501 3448 blanda
512 3398 570 3446 siun
584 3395 658 3463 Tyrio
668 3392 716 3446 atti
723 3397 806 3460 glorta
814 3392 877 3446 felix

296 3486 413 3551 Educet,
428 3496 455 3540 et
466 3494 572 3539 cunctas
582 3483 681 3554 gaudet
691 3484 821 3555 spondere
833 3484 943 3542 curules.

128 3629 230 3704 Plura
244 3630 299 3720 bis
316 3644 453 3730 possent
468 3625 559 3713 addi,
579 3626 703 3727 quibus
724 3625 779 3699 illa
801 3625 841 3700 cl.
860 3628 1006 3702 virorum
1024 3630 1137 3733 opinio
1154 3661 1191 3706 ae

125 3745 198 3820 alite
222 3747 361 3845 insuper
376 3744 438 3815 bae
455 3742 491 3814 in
507 3771 541 3816 re
559 3740 832 3816 hallucinationes
854 3744 1113 3835 revincerentur,
1133 3748 1192 3822 sed

124 3890 162 3935 ea
174 3862 277 3935 nobis
291 3859 345 3933 bic
359 3875 437 3933 sunt
446 3857 645 3946 omittenda,
663 3885 706 3931 ne
719 3856 850 3952 longior
859 3858 916 3934 liat
924 3889 1090 3937 excursus.
1104 3865 1192 3939 Con·

124 3973 283 4049 solantur
296 3973 437 4059 interim,
446 4000 522 4073 'qua
534 3972 716 4061 Ferrarius,
727 3974 762 4046 in
774 3972 940 4048 Analectis
952 3976 1106 4052 adversus
1119 3983 1190 4055 Ru-

155 4161 164 4190 ¹
184 4156 269 4210 Nobis
278 4156 351 4208 enirn
363 4173 418 4209 non
429 4154 533 4207 ridetur
545 4154 617 4209 istius
630 4166 713 4225 poete
724 4175 829 4220 carmen
840 4196 848 4224 ,
861 4157 899 4212 uti
910 4158 963 4226 jatn
972 4160 1000 4214 in
1013 4161 1117 4217 Horatii
1127 4165 1190 4218 Vita

120 4240 315 4306 indidvitnus,
326 4258 384 4309 pag.
398 4239 520 4306 143·145·

153 4330 167 4359 ³
186 4324 288 4388 unt,
305 4322 360 4376 Sat
371 4336 418 4389 rt,
439 4339 503 4374 vers
518 4321 557 4374 28.

226 4421 340 4496 7111,
843 4455 847 4463 ·
998 4431 1018 4495 8
