3159 5134
462 579 560 647 PEll
584 581 618 646 J.
644 577 869 651 MASSON.
1136 583 1202 649 215

127 718 302 822 torpellsre
314 719 532 807 nominibus,
547 747 590 799 ne
600 716 668 793 illis
683 719 851 815 inmotum
867 718 954 795 soret
968 717 1130 809 officinm,
1145 740 1205 796 ant

125 852 262 909 noceret
279 864 287 923 ;
302 832 429 932 (Trist.
451 831 511 907 lib.
529 835 602 924 ΙΙΙ,
626 831 719 928 Fleg.
738 851 801 920 111,
820 861 903 908 vers.
925 831 1040 907 63-68
1053 864 1061 922 ;
1075 833 1135 909 lib.
1161 836 1204 925 V,

126 953 222 1048 Elog.
251 970 312 1041 lx,
336 980 420 1027 vers.
441 950 576 1044 {dr-343
597 978 636 1025 ex
654 951 766 1026 Ponto
777 949 841 1039 lib.
860 954 931 1039 Ill,
956 954 1021 1053 ΕΡ.
1040 971 1100 1038 Vt,
1117 981 1201 1027 vers.

128 1065 268 1164 45-55)
289 1066 420 1140 tandem
437 1066 501 1141 hoc
518 1093 607 1140 anno
628 1083 739 1166 aperte
761 1065 865 1167 coepit
880 1064 949 1143 illis
972 1064 1132 1167 epistolas
1149 1066 1205 1141 in·

129 1183 291 1271 seribere,
307 1201 445 1284 qnaslv
458 1181 555 1272 libri,
569 1211 611 1257 ex
624 1181 727 1257 Porto
741 1181 777 1255 in
786 1182 1019 1258 vetustissimis
1031 1183 1204 1259 codicibus

130 1296 229 1387 dieti,
245 1296 524 1398 complectuntur.
553 1298 604 1371 De
633 1325 777 1398 quornm
802 1294 900 1371 titulo
929 1296 1135 1399 discrepante
1159 1298 1203 1371 ab

129 1412 187 1488 illo
203 1415 334 1518 queisque
347 1412 518 1515 priosum,
534 1413 582 1488 sic
600 1411 661 1487 lib.
682 1416 720 1503 l,
737 1414 848 1514 Epist
863 1433 897 1504 1,
914 1440 998 1489 vers.
1022 1412 1152 1489 15-2o:

290 1560 429 1627 Invenies,
443 1561 563 1632 qumvis
572 1581 629 1616 non
640 1572 679 1617 est
691 1560 845 1617 misenbilis
855 1560 951 1628 index,

329 1654 391 1709 Non
402 1653 491 1707 minus
502 1652 553 1707 boc
563 1651 680 1723 (opere)
690 1652 734 1707 illo
747 1653 837 1721 triste,
846 1652 919 1723 qnod
929 1663 991 1709 ante
1002 1651 1073 1707 dedi.

293 1746 383 1800 Rebus
394 1744 465 1799 idem
476 1784 484 1811 ,
495 1749 569 1799 tetulo
580 1744 687 1814 difflrt:
699 1757 726 1800 et
738 1744 854 1815 Epistola
866 1745 909 1798 cui
919 1744 953 1798 sit

326 1838 390 1913 Non
401 1836 530 1892 occultato
541 1838 651 1892 nomine
662 1839 740 1891 missa
751 1836 844 1903 docet,
857 1846 905 1891 eto

132 1956 253 2059 quibus
264 1955 384 2033 addere
398 1954 494 2030 lubet
507 1955 605 2031 hasce
619 1953 777 2058 epistolas
789 1954 904 2030 ordine
920 1954 1079 2056 temporis
1097 1954 1202 2030 editas

132 2102 196 2147 non
209 2099 304 2160 esse,
326 2072 470 2174 ipsomet
484 2071 629 2160 latente,
647 2070 706 2146 lib.
721 2073 790 2160 lll,
809 2073 873 2172 ΕΡ.
894 2089 949 2160 lx,
967 2098 1049 2146 vers.
1066 2067 1202 2146 5153:

294 2221 351 2275 Nec
360 2218 426 2275 liber
437 2230 468 2274 nt
477 2220 569 2287 fieret,
584 2219 631 2274 sed
642 2219 681 2273 uti
691 2238 738 2274 sua
748 2219 841 2290 cuique
853 2218 962 2273 daretur
1082 2290 1088 2303 ι

327 2312 429 2380 Litora,
445 2312 608 2381 propositum
619 2329 734 2382 curaque
745 2321 835 2366 nostra
844 2309 911 2366 luit:

295 2404 440 2460 Postmodo
451 2404 582 2467 collectas,
596 2414 740 2474 utcumque
751 2403 808 2459 sine
821 2403 929 2472 ordine,
942 2403 1025 2473 junxi.

176 2520 328 2597 Primum
345 2522 479 2624 quidem
495 2519 622 2596 librum
639 2523 746 2597 Bruto
762 2523 1007 2613 transmittens,
1020 2522 1067 2597 ait
1082 2524 1145 2624 Ep.
1161 2542 1199 2596 1:

291 2670 362 2724 Naso
372 2669 523 2724 Tomitana
533 2670 589 2738 jam
599 2689 650 2723 non
663 2689 740 2723 noers
751 2668 837 2724 incolo
849 2680 927 2724 terra

327 2762 388 2816 Hoc
398 2762 446 2815 tibi
457 2761 490 2815 de
503 2760 598 2816 Getico
610 2760 686 2817 litore
702 2761 783 2815 mittit
794 2780 868 2832 opus.

129 2892 284 2964 Attamen
302 2888 411 2991 Epist.
433 2908 462 2963 11
480 2889 585 2965 Fabio
602 2888 772 2972 Maximo,
790 2886 924 2991 &ornem
939 2885 1042 2962 modo
1058 2901 1196 2990 quartam

130 3007 234 3082 exsilii
247 3023 407 3084 memorat
418 3033 525 3094 ‚vers
548 3030 591 3106 ²7
610 3022 644 3080 et
662 3005 729 3078 28:

296 3154 349 3209 Hie
361 3173 405 3209 me
417 3163 581 3224 pugnantem
592 3171 654 3207 enm
664 3152 761 3223 frigore
771 3191 779 3219 ,
790 3170 905 3222 cumque
918 3149 1034 3223 sagittis,

327 3242 451 3316 Cumque
463 3264 525 3300 meo
534 3245 606 3311 lato,
618 3253 708 3313 quarta
718 3242 809 3313 fatigar
819 3246 913 3315 hyems.

131 3397 228 3480 atque
251 3377 316 3479 ΕΡ.
341 3392 411 3448 vt11
427 3387 604 3447 omumnum
622 3370 735 3444 itidem
754 3385 894 3473 quartum
915 3367 983 3468 jam
1003 3364 1122 3440 initum
1144 3364 1198 3438 in·

133 3491 237 3583 dicat,
255 3518 337 3566 vers.
356 3515 400 3589 27
421 3486 542 3562 0128:

295 3638 335 3691 Ut
345 3622 424 3690 careo
435 3636 508 3689 voltis
520 3633 623 3708 Stygias
635 3632 755 3687 detrusus
766 3631 795 3685 in
807 3647 880 3694 oros,

330 3731 446 3796 Quatuor
454 3737 588 3780 autumes
599 3722 685 3778 Pleias
695 3731 753 3775 orta
765 3720 834 3773 facit

135 3857 255 3958 quibus
274 3853 413 3954 hujusce
429 3851 506 3926 anni
520 3866 682 3924 amumnus
699 3874 736 3921 ac
753 3846 960 3944 subsequens
976 3841 1079 3949 Ιχτηυ
1095 3841 1201 3915 mani-

134 3970 214 4047 feste
235 3969 460 4065 designantur.
491 3963 625 4039 Etenim
651 3990 754 4063 quum
782 3958 924 4034 Ovidius
950 3970 1096 4031 outwono
1123 3955 1203 4030 anni

135 4089 175 4160 U.
195 4089 234 4161 C.
256 4104 397 4161 nccnxtt
413 4087 523 4159 Roma
543 4078 747 4162 discesserit,
763 4091 890 4178 prorius
906 4074 947 4149 ab
964 4073 1025 4149 illo
1041 4088 1207 4148 ommam

134 4202 249 4304 nequit
264 4201 368 4291 alius,
389 4219 609 4304 preterquam
621 4195 759 4294 hujusce
770 4194 871 4281 anni,
889 4194 923 4266 in
943 4220 1010 4294 quo
1023 4214 1206 4273 versamur,

134 4316 284 4416 intelligi.
300 4318 377 4391 Hoc
391 4333 500 4390 antem
513 4312 588 4387 loco
602 4312 727 4386 Noster
738 4325 837 4383 notat
847 4322 1024 4382 salmurum
1037 4331 1098 4406 per
1109 4315 1208 4377 ortum
1271 4412 1273 4415 Ι
