3159 5134
340 513 399 579 168
662 512 701 573 P.
737 508 913 574 OVIDII
940 506 1073 573 VITA

334 667 443 724 tremos
457 649 569 750 populi
585 648 724 721 Romani
741 647 855 720 bellum
870 646 1016 747 gerebat,
1044 660 1184 718 testatur
1201 643 1399 744 Cenotaphii

333 765 446 839 Pisani
464 761 592 851 tabula,
607 792 705 863 quam
717 761 995 837 eminentissimus
1005 759 1151 835 Non'srits
1162 758 1285 854 insigni
1298 788 1398 861 opere

332 878 520 951 illustravit.
542 878 628 950 Hinc
643 904 722 949 sero
740 905 844 977 quum
861 892 947 948 recte
965 872 1175 947 doctissimus
1187 872 1259 959 vir,
1274 890 1306 944 et
1322 890 1401 972 post

333 1023 405 1068 eum
431 996 573 1091 Pagius,
597 994 791 1080 deduceret,
817 992 934 1067 Caium
952 994 988 1065 in
1013 989 1212 1076 consulatu,
1243 1006 1398 1089 snperato

332 1109 528 1209 Euphrate,
545 1109 625 1210 (qui
640 1109 785 1209 Syriam,
797 1106 938 1183 Romani
952 1105 1045 1184 οιιιιι
1057 1131 1277 1205 provinciam
1289 1104 1400 1175 allie-

334 1228 528 1349 sopotamia
537 1224 1034 1322 Parthommditionisubjecta,
1048 1220 1313 1318 disterminabat)
1322 1220 1400 1292 bar

332 1283 528 1417 baronum
505 1343 673 1437 regionem
688 1340 866 1429 invasisse,
884 1368 1037 1441 armaque
1050 1339 1085 1411 in
1102 1337 1216 1413 hostili
1231 1354 1317 1411 terra
1336 1335 1400 1408 cir-

335 1460 545 1545 cumtulisse3
564 1460 609 1532 ita
627 1476 660 1532 et
675 1457 795 1531 exinde
811 1487 881 1532 non
896 1457 1008 1532 urinas
1023 1475 1112 1531 recte
1130 1453 1274 1529 Nasonis
1290 1450 1400 1525 locum

335 1604 375 1648 ex
392 1573 481 1648 libro
494 1573 710 1648 Remediorum
723 1572 855 1648 Amoris
868 1573 1104 1673 interpretatus
1116 1588 1167 1645 est
1179 1578 1188 1608 ¹
1202 1566 1316 1640 dehac
1331 1566 1406 1640 Curi

336 1690 474 1765 Caesaris
491 1691 526 1762 in
543 1683 728 1764 Parthicam
744 1688 904 1762 ditionem
919 1686 1114 1787 irruptione.
1142 1685 1275 1759 Etenim
1298 1712 1402 1784 quum

336 1811 459 1883 Noster
472 1809 627 1897 dixisset,
640 1807 685 1881 ab
694 1808 816 1882 Amore
827 1806 905 1880 odio
916 1804 1032 1879 haberi
1041 1805 1192 1878 homines
1204 1819 1399 1905 occupatos,

336 1924 466 1997 otiosos
478 1952 555 1998 vero
569 1922 673 1998 eidem
686 1939 838 2022 acceptos
849 1948 935 2009 esse,
951 1919 1144 2019 subjungit,
1158 1946 1205 1991 vs,
1226 1914 1400 1988 151-158:

503 2080 572 2135 Sunt
585 2081 660 2147 sora,
675 2089 738 2133 sunt
747 2078 831 2148 leges,
844 2090 920 2144 sunt,
934 2097 999 2147 qnos
1010 2077 1123 2145 tuearis,
1136 2077 1227 2130 amici:

534 2170 607 2224 Vade
620 2190 667 2240 per
679 2169 785 2222 urbanae
797 2169 907 2223 candida
918 2178 1000 2221 castra
1012 2178 1087 2237 toga·

503 2265 556 2317 Vel
570 2274 597 2315 tu
610 2268 746 2330 ιιιιιμιιιει·
755 2262 879 2329 juvenilia
889 2280 1001 2314 munera
1013 2262 1106 2314 Marta

537 2353 660 2421 Suscipe3
674 2351 772 2406 deliciae
782 2352 837 2419 jam
850 2350 894 2404 tibi
907 2361 979 2421 terga
990 2350 1099 2403 dabunt.

504 2443 570 2496 Ecce
574 2443 662 2511 suffit
673 2445 798 2502 Parthus,
812 2443 900 2512 magni
911 2461 978 2495 nova
990 2461 1066 2496 causa
1077 2441 1202 2512 triumphi
1213 2482 1222 2508 ,

536 2537 598 2588 Jarn
611 2535 681 2590 ridet
692 2536 720 2589 in
732 2541 828 2603 campa}
839 2537 947 2588 Casarr's
958 2549 1040 2588 unta
1051 2540 1114 2588 suis.

505 2626 589 2680 Vince
602 2626 762 2697 Cupidineas
773 2626 886 2696 pariter,
899 2630 1059 2697 Parthasque
1070 2627 1193 2696 sagittas,

537 2719 572 2772 Et
583 2718 654 2772 relcr
666 2718 697 2771 ad
709 2720 806 2788 patrios
818 2718 879 2771 bina
893 2730 988 2789 tropaea
1000 2718 1081 2772 Deos.
1097 2723 1103 2734 ’

341 2862 426 2956 Quae
438 2857 561 2958 pariter
572 2854 700 2957 liquido
711 2857 875 2957 probant,
891 2857 980 2930 hune
990 2855 1205 2962 Rernedimmn
1218 2858 1347 2931 Arnon's
1362 2855 1405 2928 li-

338 2976 437 3048 brum
448 2975 592 3046 fervente
602 2972 690 3046 bello
704 2972 852 3047 Purth'co
864 2973 1023 3071 scriptum
1035 2999 1124 3058 esse,
1137 2988 1170 3045 et
1181 2971 1312 3070 quidem
1324 2970 1404 3046 dum

340 3089 441 3165 Caius
460 3090 568 3161 Caesar
586 3088 618 3160 in
636 3088 836 3161 Parthorum
853 3088 976 3189 campis
1000 3116 1074 3161 cum
1092 3087 1234 3161 exercitu
1252 3086 1401 3183 degebat.

340 3208 455 3303 Quum
468 3233 545 3277 vero
561 3233 599 3277 ex
613 3204 695 3277 serie
706 3232 816 3278 rerum
827 3233 846 3277 a
858 3204 939 3278 Caio
951 3224 1030 3307 post
1042 3233 1139 3278 suum
1150 3205 1192 3278 ab
1203 3204 1286 3278 urbe
1297 3207 1403 3280 Roma

341 3321 520 3396 discessum
533 3321 567 3393 in
581 3321 697 3394 itinere
714 3339 879 3415 gestarum
896 3330 908 3359 ²
922 3339 1053 3423 pateat,
1070 3351 1144 3395 eum
1156 3321 1337 3422 principem
1349 3320 1402 3393 vix

341 3454 416 3510 ante
433 3437 522 3509 hunc
540 3464 677 3522 annum,
701 3435 736 3508 in
753 3465 821 3536 qno
836 3465 1018 3524 versamur,
1036 3436 1183 3537 potuisse
1201 3436 1404 3536 Euphratem

341 3584 416 3628 cum
435 3554 541 3654 copiis
558 3553 715 3639 transire,
739 3571 840 3653 atque
856 3583 966 3628 revera
982 3583 1056 3628 eum
1071 3572 1160 3629 trans
1177 3553 1326 3627 eumdem
1340 3553 1405 3626 llu-

342 3669 431 3740 vium
449 3667 513 3739 hoc
530 3668 604 3767 ipso
620 3694 705 3739 anno
722 3665 843 3752 luisse,
861 3685 900 3739 ut
913 3667 1042 3741 Tabula
1059 3668 1176 3741 Pisana
1194 3666 1310 3754 docet3
1326 3666 1405 3738 hinc

342 3783 431 3858 haud
457 3782 597 3856 invalide
619 3781 772 3877 colligere
800 3781 895 3870 licet,
921 3782 977 3856 illa
999 3783 1158 3870 carmina,
1176 3784 1407 3882 integrumque

344 3899 468 3973 librum
479 3898 544 3972 hoc
557 3898 688 3972 labente
703 3926 789 3971 anno
802 3898 836 3971 in
849 3898 954 3973 lucem
971 3900 1112 3990 venisse3
1130 3900 1219 4000 quod
1235 3898 1407 3974 confirma-

375 4095 385 4125 ¹
403 4092 444 4146 De
459 4089 554 4145 Cenot.
567 4093 653 4146 Pisan.
663 4110 719 4174 pap.
732 4093 796 4158 248,
808 4091 867 4146 ride
878 4104 905 4146 et
916 4092 978 4147 Ιιιιιι
988 4094 1078 4163 templ
1091 4095 1180 4148 Reser
1191 4113 1248 4164 pag.
1242 4094 1313 4164 ,ιιι

374 4181 464 4234 Vid
458 4181 563 4320 ‚glorie
557 4180 606 4236 ,ιιι
622 4180 716 4237 Cenot.
730 4183 816 4237 Pisan
810 4202 883 4255 pag.
898 4186 961 4253 248,
977 4196 1004 4239 et
1021 4185 1082 4240 Jani
1095 4185 1184 4256 templ
1200 4186 1260 4239 Res.
1274 4181 1343 4239 Seet
1358 4200 1406 4251 tr,

340 4281 395 4332 cip
409 4271 463 4321 Set
