3159 5134
468 510 564 577 rnr
587 512 621 577 J.
648 511 877 581 neesson.
1165 523 1208 610 93

140 667 234 724 vocat
251 646 398 722 Velleius
418 657 447 734 ¹,
466 649 560 748 cnjus
577 649 695 738 verba,
713 679 884 753 perperam
901 679 920 725 a
944 655 1213 729 commentatori-

139 765 205 838 bus
220 763 403 864 praeterita,
420 780 526 864 poetae
542 784 684 839 mentem
701 766 851 867 apprime
864 763 1041 839 illustrant.
1063 802 1081 833 ι(
1101 771 1211 857 Mors,

144 915 162 944 »
179 879 246 966 ait,
265 876 388 962 Drusi,
401 876 467 973 jam
483 876 611 976 pridem
628 896 812 954 tumescens
829 878 953 954 bellum
973 882 1127 956 excitarit
1141 887 1211 959 lta-

147 1031 165 1060 »
186 995 286 1068 licum
309 1024 317 1066 :
337 992 460 1093 quippe
476 995 514 1065 L.
535 995 681 1083 Casarc,
700 996 738 1068 Ρ.
759 993 889 1069 Rutilio
909 1022 993 1069 coss.
1017 997 1139 1072 abhinc
1154 1030 1214 1074 an-

147 1150 163 1180 »
182 1142 246 1188 nos
262 1131 333 1186 cxx
352 1111 496 1206 (idest,
514 1139 590 1185 ann.
611 1115 652 1185 U.
672 1114 711 1187 C.
730 1112 899 1209 ltcuttlv.)
914 1114 1029 1209 Quum
1042 1114 1077 1188 id
1090 1116 1212 1193 malum

147 1267 163 1294 »
183 1225 877 1316 inuniversaltaliaabAscnlanisesset...
889 1228 1213 1311 acdeindeaMarsis

147 1383 163 1413 n
181 1364 370 1448 exceptum,
386 1345 420 1418 in
435 1373 549 1419 omnes
562 1362 768 1446 penetrasset
779 1346 948 1442 regiones,
960 1351 1211 1430 armaadversus

147 1499 163 1528 »
182 1466 352 1538 Romanos
371 1464 495 1561 (NB.)
513 1462 611 1563 cepit.
641 1462 797 1557 Quorum
820 1480 859 1536 nt
879 1462 1010 1538 fortuna
1033 1484 1148 1556 atrox,
1166 1470 1212 1544 ita

147 1615 163 1645 a
181 1608 277 1654 cansa
293 1578 360 1652 luit
375 1576 564 1677 justissima.
587 1576 711 1675 (NB.)
727 1577 891 1650 Petebant
906 1579 993 1653 enim
1010 1609 1081 1654 eam
1097 1584 1212 1658 cirita·

148 1730 163 1760 n
182 1713 266 1780 tem,
284 1692 379 1791 cujus
390 1692 565 1792 imperinm
580 1692 679 1765 armis
692 1691 892 1779 tuebantur,
915 1727 932 1758 »
950 1711 983 1767 et
998 1713 1121 1784 cetera,
1139 1728 1211 1800 que

144 1808 228 1884 lectu
245 1808 355 1905 digna.
373 1805 435 1879 Vel
449 1807 528 1881 lrinc
542 1836 621 1881 vero
635 1807 809 1894 discimus,
829 1837 897 1909 qno
907 1809 980 1907 jure
994 1813 1085 1886 Naso
1098 1834 1211 1889 noster

146 1924 356 2020 Pelignorum
371 1949 459 1994 anno
476 1920 596 1995 dixerit
612 1920 748 1994 honesto.

191 2040 293 2114 Plura
309 2038 337 2112 si
356 2036 432 2137 quis
448 2037 488 2110 de
506 2036 655 2110 Sulmone
670 2037 836 2137 requirat,
859 2039 1070 2140 geographos
1087 2069 1209 2118 consu·

144 2154 207 2230 lere
217 2153 353 2241 licebit,
366 2151 417 2226 vel
431 2152 599 2227 Herculem
611 2150 800 2251 Ciefimium,
816 2152 873 2252 qui
884 2155 1069 2228 communis
1080 2158 1210 2259 utrique

144 2271 254 2373 patriae
270 2270 434 2373 prolixam
450 2270 530 2345 satis
548 2268 821 2369 descriptionem,
836 2268 1017 2369 prasertim
1035 2273 1144 2371 quoad
1157 2303 1211 2348 re-

144 2389 321 2462 centiorem
338 2405 460 2464 statum
480 2385 616 2471 attinet,
636 2384 705 2460 suis
723 2385 754 2458 in
774 2403 911 2485 poetam
922 2386 1212 2472 ¹obseruationibus

144 2507 291 2609 praefixit.
306 2508 355 2581 Ea
368 2534 445 2580 vero
459 2505 574 2579 civitas
586 2530 673 2577 anno
689 2502 821 2578 tandem
835 2503 985 2602 proxime
1000 2503 1131 2605 elapso,
1143 2535 1213 2582 arae

144 2622 230 2718 vulg.
243 2639 396 2708 MDCCVI,
409 2637 501 2694 terrae
510 2636 605 2692 motu
619 2636 652 2691 et
661 2618 753 2691 hiatu
762 2619 896 2718 penitus
905 2619 1029 2693 corruit
1037 2622 1210 2723 periitque.

191 2740 251 2812 Ill.
279 2740 454 2811 Ninum
476 2763 572 2810 suum
586 2762 700 2807 aarum
716 2751 830 2808 noster
845 2737 994 2835 proxime
1016 2737 1140 2812 indicat
1156 2766 1210 2812 eo-

146 2853 216 2929 dem
235 2854 380 2930 carmine
402 2879 464 2940 ιο,
484 2852 585 2925 Trist.
605 2848 664 2924 lrlr.
681 2852 740 2938 tv,
758 2880 841 2927 vers.
863 2851 884 2924 5
901 2868 933 2924 et
949 2851 994 2925 6:

309 2999 406 3053 Editus
417 2999 459 3052 lric
470 3017 518 3067 ego
529 3017 603 3061 sum3
616 3016 667 3051 nec
678 3017 732 3050 non
743 3037 750 3064 ,
763 3008 794 3051 ut
806 3009 925 3068 tempora
938 3000 1026 3066 noris,

340 3090 435 3158 Quum
448 3088 541 3143 cecidit
554 3088 610 3142 fato
621 3093 713 3144 consul
723 3099 832 3170 uterque
845 3089 917 3158 pari;

148 3205 268 3307 quibus
291 3205 445 3279 consules
473 3204 559 3278 clare
575 3204 802 3300 designantur,
822 3234 908 3305 quos
924 3205 966 3278 ad
984 3206 1073 3281 hunc
1090 3234 1213 3283 aunum

145 3321 371 3424 adposuimus,
384 3321 523 3396 Hirtium
538 3338 570 3394 et
582 3321 730 3405 Pansam,
748 3322 806 3424 qui
817 3319 909 3395 bello
920 3321 1098 3409 Mutinensi,
1115 3324 1213 3399 simul

146 3465 219 3511 cum
232 3440 360 3512 Caesare
374 3438 575 3524 Octaviano,
589 3436 744 3511 adversus
758 3436 806 3511 Μ.
822 3437 1007 3512 Antonium
1021 3438 1215 3516 dimicantes

146 3551 244 3624 ambo
263 3551 472 3638 ceciderunt3
492 3550 626 3625 dnobus
648 3579 767 3651 nempe
794 3550 915 3651 preliis
940 3552 1024 3627 circa
1047 3554 1213 3629 Mutinam

56 3707 59 3714 ·
145 3668 258 3767 Aprili
267 3695 379 3741 mense
390 3665 593 3754 commissis,
607 3665 730 3774 quibos
743 3651 985 3739 consulnrr'ulter
994 3668 1026 3739 in
1039 3670 1118 3756 octe,
1137 3671 1216 3744 ulter

141 3800 341 3884 postponens
354 3784 418 3856 dies
434 3813 475 3857 ex
490 3784 617 3856 votam
633 3798 755 3856 mmcm
772 3783 854 3855 obsit.
874 3792 888 3822 ²

195 3904 303 4002 Cujus
321 3931 416 3976 casus
432 3900 618 4003 geminique
635 3900 821 3976 certaminis
843 3919 973 4002 tempus
995 3903 1097 4003 paulo
1119 3934 1214 3981 accu-

144 4020 267 4108 ratius,
289 4048 388 4120 qnam
404 4017 505 4113 vulgo
521 4017 580 4106 lit,
598 4017 789 4120 exposuisse
804 4046 919 4091 verum
942 4046 1048 4119 operae
1071 4021 1214 4120 pretium

178 4187 188 4215 ¹
207 4183 262 4236 Lib.
275 4185 318 4251 ll,
331 4205 386 4253 cap.
401 4189 449 4238 15:
462 4182 520 4236 vide
533 4194 560 4236 et
573 4182 643 4237 Flor.
659 4182 703 4236 lib.
715 4183 774 4250 lll,
792 4204 848 4253 cap.
862 4185 967 4251 18‚etc.

179 4270 192 4300 ²
208 4267 326 4324 Velleius
339 4269 508 4333 Paterculus,
525 4267 568 4322 tib.
582 4267 627 4332 ll,
649 4285 704 4336 cop·
716 4269 757 4323 61.
