3159 5134
474 498 570 565 run
594 499 627 566 J.
654 498 879 567 nasson
950 480 954 497 '
1152 523 1214 593 ¹79

139 644 193 718 Ad
204 641 294 717 idem
306 637 524 748 mergfatiomi,
540 667 607 713 nou
619 638 914 739 veroprostctrom's,
929 654 1061 739 tmpus
1073 638 1216 739 spectat,

143 760 233 862 quod
253 759 294 832 de
311 759 476 841 Arctum,
508 754 623 829 Haedis
648 773 709 829 etc.
734 755 836 829 habet
852 755 954 828 Trist.
980 753 1040 829 lib.
1065 756 1106 843 I,
1122 754 1216 850 Eleg.

146 877 208 952 ult.
225 904 309 952 vers.
333 871 443 946 13-16
460 903 468 949 :

191 1001 195 1011 ¹
307 1022 383 1091 Soepe
396 1039 446 1091 ego
458 1023 582 1075 mutosis
592 1021 688 1077 dubius
698 1020 814 1091 jactabar
825 1021 856 1075 ab
868 1022 979 1087 Hoede's3

341 1110 418 1181 Soepe
431 1111 520 1164 minax
534 1112 650 1180 Steropes
659 1111 745 1164 sidere
757 1122 853 1181 pontus
865 1121 921 1164 erat
934 1130 941 1163 ε

311 1203 493 1274 Fuscahatque
504 1201 576 1256 diem
587 1213 674 1256 custos
685 1205 883 1275 Erymanthidos
899 1204 990 1266 Ursae,·

347 1295 403 1350 Aut
417 1297 528 1367 Hyadas
540 1296 604 1349 seris
616 1305 723 1349 auxerat
738 1295 837 1351 Auster
850 1296 937 1365 aquis,
949 1306 998 1350 etc.

194 1415 327 1489 Idcirco
344 1414 385 1490 ad
406 1444 519 1489 vcrum
531 1413 727 1514 pnfictronis
755 1413 928 1488 ovidiana
949 1432 1081 1516 tempus
1103 1445 1225 1490 emen-

151 1533 249 1619 dum,
266 1532 353 1606 nihil
368 1551 418 1609 est
435 1562 539 1634 opus,
566 1551 604 1606 ut
616 1559 738 1629 magno
756 1516 930 1606 molimine*
943 1532 1065 1608 horum
1083 1533 1227 1608 siderum

148 1670 261 1741 onus,
279 1651 332 1725 vel
349 1679 486 1727 occasus
507 1649 741 1739 discutiamus;
761 1679 863 1750 quum
888 1669 989 1754 poeta
1003 1669 1119 1726 noster
1135 1652 1226 1726 hisce

148 1767 372 1841 caracteribus
399 1765 600 1862 signaverit,
618 1795 687 1839 non
709 1794 806 1840 suum
824 1767 935 1840 Roma
954 1766 1153 1857 discessum,
1171 1769 1229 1843 sed

148 1883 347 1984 nocrkouom's
360 1909 510 1972 cursum,
529 1883 623 1980 cujus
634 1910 779 1955 mensem
796 1881 915 1957 diserte
929 1885 1068 1956 notavit.
1088 1884 1177 1958 Satis
1187 1884 1229 1960 ad

150 2027 187 2074 ea
204 1997 353 2072 Nasonis
371 1998 513 2071 carmina
529 1996 648 2071 melius
664 1994 880 2092 intelligenda
896 1997 959 2083 sit,
977 1997 1046 2071 haec
1063 2027 1102 2072 ex
1119 1999 1230 2074 Plinio

149 2114 336 2189 adnotasse.
351 2114 386 2187 ls
398 2111 503 2207 igitur
515 2112 575 2186 lib.
592 2113 725 2198 XVIII,
741 2139 812 2212 cap.
829 2110 871 2183 31
891 2144 899 2185 :
918 2147 935 2178 «
953 2112 1071 2202 Serto,
1085 2114 1148 2201 ait,
1163 2115 1229 2189 kal.

156 2266 174 2300 s
192 2230 359 2307 Novemb.
377 2228 527 2305 Succulae
545 2239 553 2269 ¹
572 2256 704 2331 vespere
722 2230 927 2304 exoriuntur.
941 2232 1055 2305 Pridie
1069 2231 1135 2305 kal.
1158 2234 1231 2308 Cae-

155 2383 174 2416 n
194 2349 261 2423 sari
277 2350 443 2422 Arcturus
458 2347 597 2435 occidit,
614 2364 645 2420 et
662 2344 811 2420 Succulae
824 2346 1019 2422 exoriuntur
1032 2377 1108 2423 cum
1119 2347 1197 2423 sole.
1213 2383 1230 2414 »

151 2466 227 2540 Lib.
241 2467 293 2555 II,
310 2492 381 2566 cap.
393 2466 437 2565 [47
456 2494 463 2538 ε
482 2498 499 2530 «
514 2465 598 2538 Post
606 2462 643 2536 id
652 2463 888 2564 aequinoctium
904 2463 1101 2565 (autumni)
1114 2464 1232 2541 diebus

155 2615 174 2647 »
191 2582 259 2656 fere
272 2597 458 2682 quatuocet
470 2579 685 2681 quadraginta
698 2577 920 2673 Vergiliarum
933 2608 1067 2656 occasus
1078 2581 1230 2683 hyemem

155 2699 331 2772 »inchoat
353 2727 361 2771 :
387 2696 480 2799 quod
498 2715 629 2798 tempus
649 2696 684 2769 in
704 2715 747 2770 111
770 2697 850 2771 Idus
871 2699 1069 2775 Novembris
1090 2701 1232 2777 incidere

157 2848 174 2880 »
196 2813 377 2890 consuevit.
399 2846 417 2878 n
446 2813 543 2887 Paria
557 2811 661 2885 tradit
682 2809 743 2884 lib.
761 2812 897 2899 XVIII,
918 2840 989 2913 cap.
1013 2811 1081 2902 25,
1100 2841 1166 2916 29,
1186 2815 1233 2890 30

154 2947 188 3003 et
205 2926 272 3017 31,
291 2929 378 3003 sicot
394 2945 428 3001 et
444 2926 626 3023 vegetius,
652 2925 712 3000 lib.
736 2928 803 3013 IV,
822 2952 893 3027 cap.
925 2924 997 3027 39,
1024 2929 1118 3028 cujus
1135 2916 1240 3005 ctiam

154 3048 257 3124 verba
274 3047 476 3145 subjungere
493 3042 612 3118 lubet:
632 3077 649 3108 «
667 3046 699 3133 Α
715 3042 897 3116 Novembri
913 3061 1023 3121 autem
1035 3074 1147 3121 mense
1164 3078 1234 3123 cre-

158 3201 177 3231 »
198 3165 271 3239 bris
298 3160 554 3261 tempestatibus
570 3157 700 3255 navigia
719 3158 899 3232 conturbat
914 3158 1137 3255 Vergiliarum
1156 3160 1236 3264 hye-

159 3314 177 3346 »
199 3276 296 3352 malis
320 3304 466 3351 occasus.
491 3277 543 3349 Ex
566 3273 619 3348 die
635 3272 740 3369 igitur
757 3270 855 3346 tertio
873 3270 996 3346 Iduum
1014 3275 1235 3365 NovembriS,

158 3428 177 3461 n
198 3420 306 3494 usqne
331 3391 368 3464 in
392 3391 480 3465 diem
500 3406 629 3464 sextum
651 3388 772 3462 Iduum
795 3387 992 3462 Martiarum
1014 3391 1116 3464 maria
1143 3392 1235 3467 clau-

158 3546 177 3576 »
196 3509 337 3583 duntur,
359 3540 377 3572 »

208 3621 323 3708 Alter,
344 3648 442 3723 quem
459 3619 621 3695 Calvisius
638 3619 783 3720 profert,
809 3616 904 3694 locus
926 3647 997 3692 non
1021 3618 1140 3695 melius
1164 3623 1235 3721 ejus

156 3739 357 3814 sententiam
370 3737 481 3837 juvat,
498 3736 568 3810 scil.
587 3736 689 3810 Trist.
708 3734 767 3809 lib.
787 3737 823 3823 l,
841 3734 894 3808 El.
912 3754 975 3825 111,
994 3765 1042 3812 vs.
1058 3763 1102 3838 27
1120 3755 1153 3810 et
1166 3736 1233 3811 28:
1309 3746 1315 3755 '

325 3880 441 3955 Jamque
453 3883 622 3954 quiescebant
633 3902 711 3938 voces
721 3881 915 3954 hominumque
929 3903 1078 3956 canumque
1090 3927 1098 3956 ,

358 3972 486 4041 haeque
498 3980 644 4024 nocturnos
655 3967 706 4022 alta
718 3969 824 4039 regebat
836 3988 934 4038 equos,
947 3980 996 4024 etc.

195 4116 204 4145 ¹
223 4134 238 4160 ι
253 4112 285 4166 ln
295 4113 380 4168 cauda
392 4082 476 4167 'lomi
487 4123 608 4182 septem,
621 4129 686 4181 quas
695 4110 858 4180 adpellarere
871 4110 1014 4182 Vergilias,
1026 4112 1053 4165 in
1065 4112 1156 4168 fronte
1168 4114 1236 4170 Suc-

160 4222 176 4247 »
191 4197 338 4264 culmetc.
348 4195 612 4266 »Ptimtttsmoen
622 4198 653 4263 ⁴¹
664 4217 672 4260 ς
682 4192 743 4247 tot.
753 4193 862 4262 Gellius,
871 4194 915 4248 lib.
927 4194 1137 4268 Xlll,cap.9:«
1147 4197 1250 4266 Quass

161 4304 177 4330 ι
193 4282 246 4348 ait,
258 4281 345 4338 Gnoi
356 4283 490 4347 Πλωάὰς,
510 4300 558 4335 noe
570 4278 699 4349 Vergilius
711 4296 833 4334 eumenus
845 4318 853 4345 ,
869 4288 918 4332 etc.
929 4300 944 4326 a
