3159 5134
448 536 502 603 ΙΝ
528 536 706 605 OVlDll
731 537 856 604 IBIN.
1147 539 1189 603 53

120 710 139 743 ιι
158 678 231 750 eior
247 674 423 750 invenitur.
440 709 459 741 u
478 675 560 749 ldeo
574 675 723 777 Raphael
740 676 990 763 Volaterranos,
1007 675 1192 777 Anthropo-

120 794 224 894 lugrit,
241 791 302 865 lib.
322 792 425 880 XXI,
445 791 582 886 dignum
600 822 695 877 eum,
719 810 758 866 ut
776 792 817 865 de
838 793 945 867 Catio
964 792 1193 889 Quintilianus

122 908 179 996 ait,
191 905 433 1002 ritalongiorc,
444 907 580 1003 ingenio
592 925 701 982 tamen
711 906 847 981 meliore
859 907 1063 980 existimavit.
1076 908 1193 1004 Quum

123 1027 210 1099 enim
227 1025 435 1120 trigesimum
452 1040 605 1123 quartum
622 1024 729 1098 aetatis
743 1051 865 1097 anuum
881 1023 1062 1118 attigisset,
1076 1026 1194 1097 Romae

126 1140 329 1241 pestilentia,
343 1137 396 1212 vel
410 1156 449 1212 ut
460 1139 577 1212 Jovius
589 1158 687 1213 autor
699 1159 768 1226 est,
786 1139 879 1214 febre
893 1157 1082 1240 correptus,
1098 1140 1193 1214 obiit.

126 1259 186 1335 llle
203 1261 276 1360 ipsc
292 1275 363 1345 est,
383 1285 479 1357 quem
497 1256 538 1333 de
552 1257 711 1333 sacrificiu
728 1257 804 1347 illo,
819 1258 912 1359 quod
930 1258 1111 1352 Gregorius
1127 1260 1195 1332 Na·

129 1375 300 1449 uiauzenus
316 1381 491 1469 deciperetur
509 1383 618 1448 θυσίαν
628 1375 810 1475 ‚synesius
824 1382 970 1455 πλεύρ’
952 1386 1011 1449 aad
1013 1381 1117 1473 ῥρητον
1133 1403 1195 1447 vo·

130 1517 218 1587 mut,
236 1498 323 1573 male
341 1500 535 1573 sentientem
551 1498 838 1600 politissimusille
850 1499 1036 1573 Politianus
1047 1497 1196 1651 hocepi·

130 1631 304 1707 grammate
321 1614 515 1688 facetissime
534 1614 699 1688 traduxit:

325 1770 409 1825 Audit
422 1770 555 1844 Mamilius
566 1771 691 1836 Missam
703 1772 809 1825 missam
820 1772 884 1826 facis
894 1772 964 1825 illam

359 1862 418 1928 Tu,
432 1862 535 1916 Domiti
544 1880 551 1915 ε
560 1863 642 1931 magis
655 1872 695 1915 est
704 1860 849 1931 relligiosus
861 1861 940 1915 uter?

330 1951 401 2022 Quis
411 1952 529 2007 dubitet?
542 1962 617 2006 tanto
627 1963 696 2006 estu
708 1951 864 2021 relligiosior
874 1950 917 2004 illo
927 1990 934 2015 ,

361 2042 472 2112 Quanto
483 2043 575 2098 audire
586 2044 676 2096 minus
689 2053 728 2096 est
741 2042 828 2108 bona,
841 2061 922 2111 quam
933 2043 1027 2097 facere.

134 2177 243 2252 Nolim
258 2196 371 2254 antem
387 2180 523 2269 referre,
541 2179 631 2280 quud
645 2178 686 2254 de
699 2206 738 2253 co
751 2177 940 2253 Ludovicus
957 2179 1076 2265 Vives,
1092 2176 1150 2251 lib.
1162 2180 1197 2251 ll

134 2289 326 2366 deVen'lute
339 2293 438 2369 Fidei
444 2354 454 2381 ,
472 2296 508 2368 in
525 2295 612 2368 hauc
628 2322 698 2371 rem
706 2292 876 2394 prodidit,
889 2321 931 2366 ne
943 2293 1016 2394 pias
1028 2291 1198 2366 christiani

135 2404 265 2482 lectoris
283 2438 377 2485 aures
399 2410 548 2486 laeserim.
567 2411 729 2485 Caeterum
749 2440 818 2486 nou
834 2410 945 2485 multo
957 2430 1037 2513 post
1054 2408 1201 2484 eamdem

135 2526 336 2623 provinciam
350 2528 497 2629 suscepit
512 2526 775 2627 christophorus
796 2529 951 2601 Zarottus
973 2524 1199 2628 Justinopoli-

135 2657 245 2731 uuus,
264 2643 320 2716 cni
335 2659 554 2719 transversum
570 2672 714 2738 unguem
738 2672 757 2717 a
779 2645 898 2717 veteris
915 2644 1104 2744 interpretis
1120 2670 1197 2717 seu-

136 2761 232 2834 tentia
249 2760 414 2835 discedere
430 2760 547 2855 religio
565 2776 637 2834 est:
654 2787 720 2861 qua
737 2759 835 2832 etiam
853 2775 1062 2859 tempestate,
1081 2785 1200 2858 nempe

135 2902 218 2949 auno
229 2873 408 2951 millesimo
421 2875 685 2976 quingentesimo
699 2873 948 2958 decimosexto,
960 2872 1201 2945 AndreaeNau-

138 2990 215 3083 gerii
225 2991 487 3079 Annotationes,
496 2988 708 3062 dedt'scrsitote
720 2987 909 3073 botrorum,
924 2988 958 3059 in
968 2988 1076 3061 omnia
1085 2986 1200 3061 Ovidii

140 3132 236 3205 opera
260 3106 412 3180 Venetiis
432 3105 639 3206 prodierunt.
667 3105 750 3204 Post
765 3102 886 3204 paulo,
902 3103 1053 3178 J'odocus
1076 3103 1202 3177 Badius

139 3222 317 3296 Ascensius
339 3223 374 3295 iu
390 3221 532 3296 Domitii
552 3219 653 3295 verba
678 3219 822 3319 juratus,
845 3218 934 3291 hunc
954 3218 1103 3294 libellum
1119 3220 1203 3291 tiro·

140 3340 239 3414 nibus
254 3339 427 3414 enarravit.
444 3335 591 3415 Fuit-ille
604 3335 846 3436 typographus,
863 3332 943 3409 etin
959 3335 1016 3409 illa
1032 3352 1103 3408 tum
1120 3331 1203 3408 celc-

138 3455 280 3531 berrima
289 3457 430 3532 Lutetiae
442 3473 492 3537 τῆς
503 3463 669 3548 οἰκουμένης
687 3459 822 3546 ἐπιτομῆς
835 3451 1028 3538 Academia,
1041 3478 1204 3547 gramma-

142 3578 217 3651 tices
241 3575 432 3676 professor,
448 3574 508 3650 ubi
533 3570 729 3657 familiares,
748 3589 787 3644 ut
803 3571 874 3671 ipse
891 3568 1057 3669 loquitur,
1075 3566 1207 3668 exposi-

141 3692 247 3765 tiones
265 3691 303 3763 in
319 3708 491 3775 auctores,
522 3715 625 3789 quum
640 3703 788 3773 veteres,
817 3702 886 3756 tum
906 3701 1072 3769 recentes,
1098 3708 1205 3782 prope

139 3801 395 3881 innumerabiles
411 3802 526 3878 edidit.
551 3799 758 3898 Quinetiam
783 3795 936 3897 Baptista
958 3792 1121 3891 Egnatius
1138 3795 1208 3867 Ve-

140 3940 251 4011 netus,
268 3923 321 3996 vir
335 3939 428 3996 atate
450 3948 511 3995 sua
532 3916 644 4012 magni
666 3914 829 4003 nominis,
848 3912 1007 3986 brevibus
1025 3911 1095 3985 suis
1111 3929 1209 3984 notu-

140 4038 289 4113 tiouibus
313 4064 383 4110 non
400 4062 519 4137 pamm
549 4032 699 4128 caliginis
718 4029 796 4103 iude
822 4028 969 4103 sustulit.
997 4029 1086 4102 'Post
1115 4026 1210 4101 illum

25 4218 26 4221 η
144 4154 255 4229 Guido
279 4152 500 4241 Morillonus,
520 4178 619 4252 quem
636 4147 804 4223 Adrianus
820 4145 943 4219 lunius
970 4144 1077 4218 virum
1094 4142 1210 4217 multi-

143 4269 216 4365 juga
231 4268 400 4355 docuina,
419 4283 454 4342 et
466 4263 640 4341 omnifaria
658 4260 825 4349 lectione,
837 4277 937 4360 atque
950 4255 1166 4333 humanitatis
1179 4274 1213 4328 et
