3159 5134
347 537 412 600 280
677 531 1077 600 Dssntcarloltns

344 689 402 744 aut
420 671 581 746 montium
597 672 727 767 [astigia
743 689 930 771 mentae,
953 669 1059 764 magis
1074 669 1228 742 homines
1243 667 1417 756 oblectat,

346 815 444 888 qoam
469 786 520 860 sol
537 788 629 888 ipse,
648 816 747 888 qoem
772 785 963 886 promittit:
980 786 1028 858 ita
1047 783 1184 858 delicata
1200 782 1257 857 illa
1272 784 1418 880 lingue,

345 922 415 978 tum
433 932 468 978 se
485 905 628 1002 primum
646 902 904 989 commoventis,
927 902 1080 1001 puritas,
1107 929 1182 1002 qna
1202 901 1296 1001 prins
1314 930 1419 1002 quarn

344 1020 455 1120 poesis
470 1020 560 1121 ipsa,
578 1017 669 1120 qnod
685 1045 754 1090 non
771 1016 869 1091 multi
880 1017 1012 1104 rident,
1030 1015 1185 1092 absoluta
1198 1017 1266 1091 luit
1280 1046 1319 1092 ac
1338 1046 1419 1118 per—

344 1135 445 1222 lecta,
463 1134 557 1236 qnasi
571 1132 655 1207 nibil
667 1134 775 1232 majos
791 1129 1047 1232 exspectandum
1059 1149 1165 1217 esset,
1182 1129 1331 1205 eruditos
1342 1132 1417 1205 ani-

344 1277 418 1322 mos
429 1248 465 1320 in
477 1248 727 1323 admirationem
739 1251 794 1321 sui
807 1248 907 1322 traxit
916 1273 955 1320 ac
967 1245 1090 1318 defixit
1106 1245 1284 1332 Caeterum,
1299 1274 1419 1346 quem·

348 1363 525 1437 admodum
547 1389 689 1435 romanae
712 1391 765 1435 res
785 1359 871 1434 nihil
888 1389 979 1462 aeque
995 1360 1168 1461 proprium
1183 1376 1240 1433 aut
1257 1388 1417 1435 consum·

345 1498 470 1555 matum
481 1479 645 1566 habuere,
659 1507 697 1554 ac
712 1479 935 1578 majestatem,
952 1477 1341 1578 quamexmagnitudine
1351 1478 1416 1552 im-

346 1596 458 1697 perio,
476 1595 645 1671 severitate
665 1623 817 1682 morum,
840 1623 878 1668 ac
904 1592 1077 1684 felicitate,
1102 1595 1194 1667 Deus
1218 1591 1417 1667 immortalis

346 1711 488 1813 principi
506 1730 665 1790 terrarum
677 1709 806 1813 populo
817 1710 964 1785 fataliter
978 1728 1123 1785 serram
1135 1741 1144 1783 ε
1158 1710 1205 1784 ita
1218 1709 1262 1783 ad
1275 1736 1417 1810 poeseos

346 1828 514 1923 fastigium
530 1855 567 1900 ac
580 1827 728 1916 culmen,
747 1827 895 1928 quaedam
908 1827 1017 1902 adbuc
1029 1826 1163 1902 deerant
1174 1827 1330 1913 virtutes,
1343 1853 1417 1927 que

347 1940 465 2042 poesin
479 1941 593 2042 potins
606 1940 833 2030 absolverent,
847 1970 946 2042 quam
960 1939 1082 2036 liugnae
1095 1958 1305 2014 venustatem.
1322 1941 1416 2012 luter

349 2085 432 2159 quas
449 2058 601 2156 majestas
617 2058 724 2160 prima
740 2059 816 2132 fuit.
844 2060 928 2156 Quae
945 2059 981 2131 in
999 2057 1099 2132 Publ.
1117 2056 1258 2153 Virgilio
1275 2058 1416 2131 ldarone

349 2191 438 2247 tanta
455 2172 537 2262 suit,
554 2190 650 2247 utne
665 2173 784 2275 populi
799 2173 926 2246 romani
942 2174 1078 2274 quidem
1095 2172 1256 2273 majestati
1274 2190 1334 2246 aut
1346 2172 1416 2245 iru-

348 2290 432 2391 pcrii
457 2289 624 2365 concedar
650 2291 723 2387 Qui
747 2292 949 2378 Homerum,
969 2292 1101 2365 Graeciae
1125 2291 1227 2364 totius
1248 2291 1357 2365 Deum
1379 2318 1417 2364 ae

349 2425 539 2507 stuporem,
557 2404 621 2479 hoc
636 2406 760 2505 judicio
778 2434 817 2479 ac
831 2424 940 2482 mente
958 2406 1058 2502 legit,
1076 2425 1115 2482 ut
1129 2406 1246 2507 poesin
1259 2407 1331 2508 ejus
1343 2406 1416 2480 uni·

348 2549 473 2595 versam
499 2522 532 2593 in
558 2521 708 2595 ordinem
728 2522 893 2617 redigeret
920 2553 929 2597 z
955 2524 1000 2597 ita
1016 2524 1162 2598 imitatus
1178 2522 1260 2610 fuit,
1276 2540 1316 2595 ut
1329 2549 1417 2622 qun-

349 2663 490 2735 comque
507 2636 540 2709 in
560 2664 599 2710 eo
620 2638 740 2740 partim
758 2638 913 2712 vetustati
930 2638 1035 2733 magis
1058 2638 1293 2727 adscribenda,
1320 2666 1418 2738 quam

349 2770 471 2827 aeterno
489 2780 525 2826 ac
551 2753 802 2854 incomparabili
825 2771 931 2854 poetae
955 2755 1053 2849 genio
1077 2755 1268 2856 judicioque
1285 2773 1417 2841 essent,

350 2869 469 2970 partim
480 2895 552 2969 qoae
561 2896 580 2941 a
590 2867 730 2958 criticis,
742 2897 826 2970 quos
839 2867 893 2942 ille
902 2886 953 2944 tot
963 2872 1203 2970 propemodum
1214 2888 1296 2970 quot
1305 2900 1417 2945 versus

349 2982 486 3070 babuit,
504 3008 575 3055 non
592 2999 678 3056 recte
697 2981 867 3057 emendata
883 3000 939 3056 aut
956 2982 1093 3056 inlarcta
1109 3001 1237 3070 essent,
1264 2982 1316 3057 rel
1335 2984 1417 3058 rita·

351 3114 420 3186 ret,
439 3094 489 3169 vel
507 3123 568 3195 pro
587 3094 746 3190 dignitate
763 3098 875 3171 aeterni
902 3096 1020 3198 populi
1047 3099 1217 3199 expressit.
1246 3099 1357 3196 Quem
1382 3100 1416 3173 in

351 3233 443 3317 parte
455 3214 582 3315 operis,
596 3213 632 3286 in
646 3241 714 3313 qno
730 3213 906 3314 sepissime
918 3214 1081 3311 adsurgit,
1101 3215 1229 3289 curiosa
1243 3214 1351 3290 Flacci
1366 3244 1417 3291 se-

351 3345 427 3404 cuta
444 3346 494 3402 est
511 3325 660 3401 felicitas.
682 3327 867 3401 Restabant
883 3327 991 3402 adbuc
1008 3327 1142 3430 reliqna
1159 3329 1314 3417 virtutes,
1335 3356 1416 3430 quas

351 3441 404 3516 vix
421 3442 531 3515 animo
548 3457 784 3542 conceperant,
805 3441 863 3541 qui
879 3459 1014 3516 ceteros
1028 3469 1096 3516 non
1118 3442 1189 3516 sine
1204 3467 1302 3518 causa
1316 3442 1417 3516 mira-

351 3556 492 3632 bantur:
511 3554 660 3643 facilitas,
680 3555 886 3656 simplicitas,
902 3584 1059 3644 acumen,
1073 3555 1296 3643 aevelocitas;
1311 3556 1416 3657 inpri-

351 3673 415 3747 mis
439 3690 548 3746 autem
566 3672 718 3746 suavitas.
740 3671 824 3768 Qnae
844 3672 948 3745 virtus
970 3690 1072 3746 otest
1088 3689 1276 3746 ceterarum
1292 3672 1416 3772 prima,

351 3790 452 3863 itaer
469 3788 522 3862 bis
539 3805 678 3863 constat.
706 3787 790 3884 Quae
811 3787 847 3861 in
872 3787 971 3862 Publ.
995 3789 1118 3864 ovidio
1136 3791 1291 3876 Nasone,
1307 3789 1418 3891 equite

353 3935 509 3993 romano,
528 3904 616 3980 salva
632 3904 753 4001 lingue
769 3906 928 4005 puritate,
946 3905 1026 3982 tales
1037 3923 1115 3981 sunt
1127 3936 1165 3981 ac
1183 3924 1302 3995 tante,
1321 3926 1374 3994 ut,
1389 3909 1417 3982 si

352 4023 490 4098 aliorum
508 4021 668 4117 majestati
687 4020 800 4108 cedat,
821 4020 861 4095 de
878 4051 943 4123 qua
961 4024 994 4096 in
1012 4022 1141 4097 diverso
1158 4051 1274 4120 genere
1294 4052 1337 4098 ne
1359 4053 1417 4098 co·

351 4138 466 4234 gitavit
483 4137 637 4239 quidem,
655 4134 784 4210 nullum
802 4137 944 4239 reperire
959 4139 1088 4240 possis,
1104 4140 1160 4214 cui
1178 4140 1213 4212 in
1229 4140 1324 4242 poesi
1341 4138 1415 4214 loeo

353 4252 454 4330 cedat.
474 4255 538 4344 Et,
555 4251 646 4354 quod
663 4252 768 4349 magis
782 4252 964 4341 admirere,
982 4251 1089 4329 nemo
1102 4256 1133 4331 ei
1157 4274 1222 4330 tarn
1245 4251 1415 4331 dissimilis
