3159 5134
368 514 429 576 188
700 513 739 579 P.
767 512 947 581 OVIDII
975 513 1102 580 VITA

278 720 287 733 ,
362 679 436 724 rum
452 667 541 723 recte
558 649 718 725 Ovidium
736 652 1005 755 reprehendisse,
1021 653 1117 753 qussi
1133 680 1237 753 quum
1251 667 1351 752 poeta
1364 651 1435 740 sit,

363 769 500 869 Postque
512 785 763 845 messoriane.
779 772 967 847 Abstulerat
977 770 1149 845 densete.
1165 770 1343 845 dicendum
1355 769 1437 843 luis·

363 901 429 969 set,
449 884 515 958 Ter
528 886 600 959 tulit
609 902 641 959 et
653 885 751 961 decos
763 906 826 963 etc.

412 1000 464 1072 Ex
479 1001 633 1100 superius
650 1030 752 1103 porro
768 1002 927 1077 discussis
942 1019 1036 1103 patet
1051 1029 1187 1103 qnoque
1201 998 1348 1076 Hercu&
1361 997 1438 1073 Cio-

351 1112 432 1211 saui
445 1143 554 1205 error,
573 1146 676 1218 quum
694 1119 729 1192 iu
748 1119 863 1194 Ovidii
884 1119 961 1192 Vita
987 1120 1035 1193 sic
1051 1118 1197 1193 scribit:
1219 1150 1238 1183 α
1260 1114 1437 1189 Profectus

369 1264 387 1295 n
407 1250 517 1307 autem
534 1234 631 1307 estin
650 1234 802 1309 exsilium
815 1254 856 1308 lv
871 1234 952 1309 ldos
966 1234 1181 1321 Decembris,
1197 1261 1321 1307 sunum
1334 1259 1437 1326 agens

370 1380 386 1410 o
406 1366 442 1434 t,
459 1375 588 1424 menses
604 1349 852 1438 v11‚dicsvero
871 1369 943 1425 ΧΗ.
967 1385 985 1416 n
1001 1353 1133 1425 Bonum
1143 1352 1250 1425 virum
1261 1346 1377 1422 calculi
1388 1346 1438 1421 fe-

365 1459 531 1536 fellerunt
550 1464 683 1538 Etenim
701 1494 805 1566 quum
821 1465 981 1553 fatentur,
998 1468 1166 1541 Nasonem
1183 1486 1232 1540 xx
1250 1464 1366 1539 Martii
1382 1492 1435 1537 sn.

367 1578 410 1650 U.
430 1579 469 1653 C.
493 1598 600 1655 Μαι
626 1599 741 1655 natum
765 1610 858 1669 esse3
882 1583 1092 1657 manifestum
1116 1601 1192 1669 est,
1217 1599 1287 1655 v111
1309 1607 1439 1655 mensa

367 1692 503 1797 diesque
525 1716 604 1782 text,
627 1696 744 1772 abillo
760 1700 875 1773 Martii
894 1699 948 1772 die
964 1682 1135 1775 numerari
1146 1699 1190 1774 ud
1204 1718 1244 1772 tv
1261 1697 1359 1783 Idus,
1378 1724 1438 1771 sen

371 1832 394 1885 x
411 1811 604 1886 Decembris
621 1812 719 1887 diem
737 1814 868 1889 Deinde
883 1842 997 1889 versus
1010 1841 1050 1889 ex
1063 1813 1239 1890 'Iristlib
1257 1816 1291 1901 l,
1305 1810 1358 1886 El.
1377 1830 1437 1899 tv,

370 1926 406 2000 T
402 1927 516 2027 riegrim
535 1925 661 2002 Oceano
677 1944 777 2003 custos
792 1946 854 2004 ete.
877 1930 967 2029 (vid.
985 1959 1060 2033 sup.
1079 1960 1112 2005 n.
1132 1933 1178 2025 2)
1201 1929 1334 2005 minime
1356 1957 1439 2036 pro·

367 2041 446 2132 bat,
467 2044 626 2118 Ovidium
636 2063 676 2118 lv
689 2044 769 2119 ldus
781 2046 976 2121 Decembris
985 2049 1094 2122 Roma
1104 2046 1301 2122 discessisse.
1314 2046 1437 2120 Aucto

368 2158 466 2233 ritate
479 2159 613 2262 quidem
630 2159 733 2237 Claui
746 2192 783 2237 sc
796 2162 1042 2263 Bargm'lultus
1054 2164 1095 2241 ad
1109 2191 1185 2243 eum
1199 2162 1311 2238 locum
1322 2178 1434 2247 notet,

367 2279 548 2353 Arcturum
578 2308 618 2357 eo
641 2278 694 2353 die
715 2281 868 2356 chronice
885 2281 1053 2357 occidisse.
1075 2284 1200 2356 Verum
1217 2299 1255 2355 ut
1271 2280 1342 2355 baec
1356 2309 1436 2354 con·

368 2388 547 2482 vellantur,
570 2412 690 2495 preter
705 2422 740 2468 en
763 2394 916 2499 superius
933 2395 994 2470 hac
1015 2396 1107 2471 dere
1128 2395 1228 2469 uobis
1245 2395 1437 2480 observate,

369 2505 556 2582 addendum
574 2508 666 2609 qnod
689 2510 830 2612 ipsemet
852 2509 1010 2586 Ciossnus
1034 2509 1207 2610 subjungit
1229 2539 1238 2582 ε
1269 2542 1287 2573 «
1305 2506 1437 2582 Plinius

372 2655 390 2687 »
412 2639 519 2699 temen
530 2683 540 2715 ‚
551 2624 611 2701 lib.
626 2629 759 2717 XVIII,
774 2656 844 2729 cap.
859 2627 917 2716 31,
931 2647 971 2701 lv
980 2630 1095 2703 Nonus
1103 2624 1303 2700 Novembris
1313 2626 1437 2699 Arctu-

372 2768 389 2801 »
409 2764 484 2812 rum
499 2740 625 2841 vesperi
644 2740 790 2817 occidere
808 2741 968 2816 scribit.»

418 2855 459 2925 V.
481 2856 557 2929 Jam
577 2855 709 2931 demum
725 2887 787 2933 nos
804 2859 844 2933 ad
860 2859 964 2939 exstiti
979 2857 1136 2933 Ovidiaui
1160 2883 1281 2931 causam
1298 2884 1437 2930 conver-

371 2987 490 3048 tamus.
512 2974 686 3077 Duplieem
702 2977 773 3078 ipse
789 2996 885 3079 poeta
907 2979 1030 3080 passim
1054 2976 1207 3051 indicat:
1231 2973 1378 3062 alterum,
1396 3002 1436 3048 ex
1541 3051 1544 3057 ,

369 3089 453 3167 Arte
476 3092 644 3166 Amatoris
664 3092 867 3183 desumtsm,
886 3112 999 3196 aperte
1016 3093 1184 3169 declarat-z
1206 3091 1342 3166 alteram
1357 3118 1434 3165 vero

369 3207 495 3307 operire
504 3208 635 3304 relegit.
656 3207 750 3283 Illam
766 3211 906 3311 saepius,
922 3239 959 3285 sc
968 3209 1148 3313 presertim
1162 3224 1236 3286 toto
1248 3207 1316 3282 lere
1329 3207 1433 3282 Trist

368 3324 426 3399 lib.
452 3328 508 3413 ll,
534 3327 575 3402 ad
599 3329 790 3425 Angustum
820 3326 1051 3432 apologetico,
1085 3327 1250 3401 vindicare
1273 3342 1434 3401 conetur:

369 3442 455 3517 bunc
472 3470 548 3516 vero
566 3442 643 3518 licet
659 3445 830 3519 nominare
851 3472 921 3517 uon
946 3471 1046 3519 susus
1072 3442 1133 3531 sit,
1150 3441 1260 3516 enode
1276 3450 1285 3480 ¹
1308 3456 1436 3514 tautum

371 3558 471 3635 titulo
487 3560 556 3636 suis
576 3562 719 3663 imputet
735 3559 860 3649 oeulis,
876 3589 946 3636 non
962 3560 1083 3646 sceleri,
1103 3559 1196 3661 quod
1214 3573 1401 3632 constanter
1416 3585 1438 3630 a

370 3703 405 3750 se
421 3696 577 3752 removet.
597 3680 685 3753 Iliuc
699 3678 788 3752 hand
806 3678 946 3767 mirum,
962 3678 991 3753 si
1006 3677 1103 3755 varie
1115 3672 1239 3752 luerint
1249 3674 1290 3749 de
1306 3674 1370 3748 hoc
1384 3699 1438 3746 er-

369 3819 437 3867 rore
452 3795 665 3894 conjecture,
689 3794 866 3871 silentibus
889 3796 987 3870 etium
1002 3794 1169 3872 historicis
1191 3792 1436 3896 antiquioribus

368 3937 457 3985 nnuc
471 3911 716 4011 superstitibus.
743 3911 965 4013 sequioribus
979 3911 1112 4014 quidem
1133 3908 1252 3986 seculis
1268 3909 1439 3985 existime-

367 4043 466 4114 runt,
483 4027 645 4100 Nostrum
660 4027 788 4100 Tomos
804 4025 964 4116 missum,
983 4024 1075 4128 quod

400 4203 409 4233 ¹
428 4199 487 4257 Hae
496 4198 530 4254 de
543 4219 606 4257 vooe
618 4199 676 4256 vide
688 4201 774 4257 Heus.
787 4199 915 4272 stephan.
928 4198 1082 4257 Comment
1095 4198 1129 4255 de
1141 4197 1240 4255 Gener.
1253 4197 1335 4269 Epist.
1348 4194 1436 4251 Cicer.

368 4303 426 4356 pag.
440 4304 477 4339 ru.
493 4286 547 4353 ¹4²·
