3159 5134
429 562 526 630 PER
550 564 583 630 J.
609 558 846 631 MASSON.

268 654 446 772 Queressm
458 702 556 757 frustra
565 714 651 758 custos
663 721 705 758 me
717 702 823 759 sedibtu
834 702 883 757 tlt·

303 793 462 864 Prnpodtus
472 805 563 849 sancto
575 795 651 863 iussit
662 794 733 849 abire
746 795 811 853 loco.

101 911 191 986 Dein
209 910 252 985 de
269 911 415 987 Octaviae
431 912 579 1012 porticus
596 911 802 986 bibliotheca
820 910 1012 1012 subjungit:

273 1049 366 1105 Altera
377 1050 475 1122 templa
487 1060 562 1119 peto,
575 1051 661 1106 vicino
671 1054 761 1123 juncta
773 1052 877 1108 theatro
888 1056 913 1106 ¹:

303 1140 371 1195 Hac
384 1160 489 1211 quoque
501 1152 578 1196 erant
588 1142 698 1212 pedibus
710 1163 765 1199 non
777 1143 900 1199 adeunde
911 1142 986 1199 meis·

106 1260 262 1360 Denique
279 1258 321 1334 de
338 1259 547 1335 Bibliotheca
568 1262 603 1334 in
624 1260 807 1337 Libertatis
825 1262 924 1337 Atrio
940 1273 954 1301 ²
971 1260 1081 1359 Asinii
1097 1261 1177 1337 Pol-

105 1370 205 1447 lionis
221 1372 390 1448 sumtibus
407 1375 610 1449 constituta:

274 1513 331 1569 Nec
343 1533 401 1582 me,
414 1533 472 1584 que
484 1512 567 1571 doctis
579 1526 722 1595 patuerunt
732 1518 817 1590 pmma
827 1516 838 1551 ³
848 1516 955 1584 libellis,

308 1603 383 1661 Atria
395 1605 514 1665 Libertas
523 1619 630 1678 tangere
642 1626 715 1678 passa
723 1619 827 1665 tuaest.

274 1696 307 1749 ln
318 1716 400 1767 genus
412 1699 525 1753 auctoris
536 1700 625 1753 miseri
635 1699 742 1755 fortuna
755 1700 905 1764 redundatt

306 1788 342 1844 Et
352 1790 468 1861 patimur
481 1790 553 1860 nati,
565 1810 645 1862 quarn
659 1791 719 1847 tulit
730 1793 801 1862 ipse,
814 1791 911 1863 lugam.

111 1900 208 1975 Haud
233 1898 314 1975 alias
335 1929 435 1989 vero,
456 1920 576 2002 praeter
599 1930 673 1989 eas,
699 1904 814 1978 Roma
835 1899 1058 1976 bibliothecas
1078 1898 1178 1974 luisse

113 2015 279 2114 publicas,
294 2015 456 2089 evincitur
472 2015 485 2063 ⁴
507 2044 547 2090 ex
564 2043 649 2092 vers.
671 2042 717 2117 79
730 2034 763 2090 et
779 2015 827 2089 80
842 2045 849 2087 :

276 2161 401 2230 lntecea,
414 2163 492 2217 statio
501 2163 629 2234 quonism
639 2163 705 2218 mihi
716 2162 818 2236 publica
829 2163 914 2218 elatus
924 2172 981 2228 est,

310 2252 417 2307 Privato
428 2251 506 2307 liceat
516 2252 646 2309 delituisse
658 2254 733 2319 loco;

115 2379 145 2435 et
159 2380 252 2438 erant
270 2363 403 2465 quidem
420 2363 540 2464 privati
555 2367 689 2455 Romae,
708 2365 765 2467 qui
781 2365 897 2439 Nostri
915 2356 1013 2465 opera
1029 2360 1177 2436 studiose

116 2476 331 2576 colligebant,
347 2479 448 2553 Trist.
467 2479 525 2554 lib.
544 2478 613 2569 Ill,
630 2481 724 2579 Eleg.
746 2500 820 2556 htv,
859 2512 864 2521 ·

160 2600 257 2674 VIII.
290 2597 378 2695 Quis
400 2597 500 2672 suerit
517 2600 623 2672 exsilii
646 2601 748 2685 Iocus,
771 2616 870 2700 atquc
893 2596 1020 2671 itineris
1045 2597 1080 2669 in
1103 2621 1178 2668 eum

116 2742 326 2815 progressus,
351 2715 393 2791 ad
418 2734 609 2818 sequentem
630 2745 752 2791 annum
772 2716 993 2819 opportunius
1021 2714 1178 2787 dicemus.

117 2831 160 2904 ht
171 2833 305 2908 interim
321 2833 376 2907 hic
394 2831 580 2909 adhucdum
599 2831 823 2921 observanda,
841 2858 914 2933 quae
924 2832 1047 2904 Noster
1063 2827 1103 2901 de
1120 2854 1179 2901 sua

116 2944 175 3021 hoc
192 2965 340 3050 tempore
342 2949 472 3048 sumtb'u
485 2947 650 3023 memoria
666 2946 841 3025 mandavit.
864 2949 1052 3045 Utrumque
1068 2960 1178 3017 autem

117 3089 209 3137 suum
220 3080 379 3164 parentem
394 3066 461 3165 jam
473 3083 550 3140 ante
568 3062 761 3148 decessisse,
779 3089 880 3164 supra
897 3059 909 3099 ⁵
926 3059 1179 3162 prenotavimus

117 3208 155 3254 er
169 3183 270 3259 Trist
288 3182 347 3257 lib.
367 3185 426 3272 IV,
443 3183 537 3280 Eleg.
557 3204 595 3271 x,
613 3181 695 3271 ubi,
710 3208 792 3255 vers.
809 3175 947 3270 81-84,
964 3177 1070 3252 canit:

49 3292 55 3309 ‘
150 3352 157 3381 ¹
174 3348 277 3405 Confer
288 3369 412 3421 quesup.
422 3349 584 3421 scripsimus,
597 3367 655 3420 pag.
670 3348 725 3403 153.

151 3438 161 3466 ²
178 3437 238 3491 Hoc
248 3447 322 3506 patet
337 3456 369 3491 er
386 3435 437 3490 boc
455 3434 546 3491 Ovidii
565 3434 642 3501 loco,
660 3434 756 3488 sicum
770 3433 887 3486 Suetonii
904 3429 1071 3496 conteratur,
1090 3429 1135 3500 qui
1152 3429 1183 3484 in

118 3516 184 3589 Aug.
196 3538 250 3590 oep.
262 3540 310 3594 ας,
321 3519 428 3574 scribit:
442 3541 456 3566 σι
468 3519 607 3590 Multaque
617 3537 632 3571 a
643 3517 732 3572 multis
743 3525 872 3570 exstructa
881 3523 962 3577 sunt;
975 3512 1007 3566 ab
1016 3512 1108 3566 Asinio
1115 3512 1181 3568 Pol-

119 3598 209 3654 »tione
223 3602 330 3655 Atrium
343 3600 488 3655 Libertatis.
501 3622 516 3648 »

149 3682 161 3716 ³
174 3686 296 3755 Scilicet,
310 3709 324 3735 α
336 3687 442 3741 Asinius
453 3684 539 3740 Pollio
551 3701 659 3741 narnus
670 3681 864 3739 Bibliothecarn
874 3681 1002 3747 dicando,
1015 3680 1122 3750 ingenia
1133 3681 1183 3736 ho·

116 3790 131 3815 ¹
143 3769 244 3824 minum
256 3790 316 3825 rem
328 3770 458 3841 publicam
470 3769 547 3837 lecit,
562 3792 575 3817 υ
588 3780 619 3823 ut
628 3769 709 3823 babet
721 3767 839 3834 Plinius,
853 3764 922 3821 Hist.
935 3766 996 3820 Nat.
1007 3762 1051 3819 lib.
1068 3765 1182 3831 XXXV,

113 3874 170 3923 esp.
180 3876 210 3924 a,
221 3857 306 3927 quiet
319 3856 362 3911 lib.
373 3857 447 3923 v11,
460 3875 516 3926 cap.
526 3857 576 3921 30,
587 3854 691 3909 scribit:
701 3875 715 3900 α
725 3855 911 3907 Bibliotheca
920 3862 1037 3904 curm
1049 3848 1183 3903 abAsinio

115 3961 130 3984 ι
146 3937 261 3994 Pollione
274 3938 450 3993 ex-manubiis
462 3935 619 4008 publicatam
632 3937 726 3990 Rornae
737 3954 801 3989 esse.
817 3956 831 3982 a
849 3934 994 4003 Pei-peram
1006 3950 1070 3985 vero
1082 3930 1185 3986 Cassu-

114 4024 200 4079 bonus
208 4026 270 4080 Not
282 4026 311 4078 in
325 4025 436 4079 Sueton.
454 4023 522 4093 Aug.
540 4041 596 4092 cap.
609 4041 654 4094 ας,
667 4040 699 4075 ex
711 4039 745 4074 eo
758 4019 871 4075 Nasonis
888 4018 947 4073 loco
962 4017 1074 4089 colligit,
1093 4016 1183 4073 doctos

114 4108 145 4162 in
160 4107 208 4162 boc
218 4110 295 4164 Atrio
306 4107 444 4162 libertatis
455 4106 486 4159 ad
498 4110 586 4174 λίσχιν
596 4105 755 4158 convenisse.

149 4189 259 4259 ‘Quod
275 4189 339 4244 olim
355 4192 469 4245 Nadab!
485 4189 682 4250 observaverat,
703 4185 747 4239 lib.
765 4188 793 4239 V
812 4184 845 4244 de
864 4188 929 4240 Ant.
944 4184 1047 4253 Roma,
1066 4202 1121 4254 cap.
1143 4182 1181 4236 13.

117 4273 234 4330 Consule
245 4274 314 4344 Lips.
328 4272 361 4328 de
371 4271 496 4329 Bibliotb.
509 4291 565 4342 cap.
578 4273 593 4323 5
606 4279 634 4324 et
644 4269 668 4323 6.

152 4356 165 4392 ⁵
181 4358 241 4429 Peg.
255 4378 310 4413 m.
