3159 5134
359 575 428 642 ²9²
690 541 1099 612 DEDIGATIONES

359 689 469 766 sotum
480 688 537 761 hic
550 685 701 788 loquitur
713 703 846 772 auctor,
863 713 974 785 neque
984 686 1164 759 Corinnam
1172 683 1279 759 solam
1289 689 1436 776 amarit,

360 804 454 907 quod
478 800 607 904 liquido
623 818 714 903 patet
731 828 769 873 ex
785 798 901 894 Elegia
915 818 955 872 tv
972 816 1006 871 et
1023 818 1086 872 ιιι
1100 797 1180 873 libri
1194 799 1229 871 ll
1241 799 1432 888 Amorum,

360 939 460 1022 atque
476 947 515 993 ex
531 918 625 1006 aliis,
643 918 678 989 in
696 915 821 1017 quibus
837 913 960 989 fatetur
974 915 1117 1010 ingenue
1131 918 1244 1003 Naso,
1261 944 1297 990 se
1310 917 1434 991 multa-

358 1066 432 1112 rum
449 1033 634 1137 puellarum
652 1059 763 1105 amore
780 1048 913 1132 captum
931 1029 1044 1105 fuisse.
1069 1032 1148 1104 Non
1176 1048 1287 1105 tamen
1305 1031 1434 1108 inficias
1474 1104 1480 1112 .

360 1183 419 1242 eo,
442 1153 621 1226 Corinnam
650 1148 679 1220 ei
708 1148 835 1222 cerens
863 1147 1023 1222 cariorem
1044 1145 1169 1234 fuisse,
1193 1147 1235 1222 de
1253 1147 1435 1250 eaquue

357 1268 565 1370 frequentius
581 1264 740 1365 scriptum
758 1291 832 1338 esse
853 1293 861 1336 :
885 1282 926 1338 ιιι
942 1264 971 1337 si
987 1263 1134 1363 amajori
1151 1281 1246 1364 parte
1260 1264 1434 1340 ducendus

357 1388 403 1462 sit
418 1384 554 1468 titulus,
569 1411 686 1485 parum
700 1398 856 1482 peccent,
876 1379 935 1481 qui
949 1381 1105 1454 Corinna
1117 1382 1251 1456 nomine
1266 1382 1330 1456 troc
1344 1411 1433 1482 opus

359 1520 490 1577 vocant.
511 1499 653 1574 Gravius
669 1516 778 1572 autem
797 1494 847 1569 illi
863 1524 971 1570 errare
988 1495 1071 1569 mihi
1085 1495 1259 1584 ridentur,
1279 1498 1339 1598 qui
1354 1497 1434 1571 lieet

359 1645 459 1692 manu
478 1614 694 1715 scriptomm,
712 1611 967 1712 depravatorum
983 1627 1093 1684 tamen
1110 1607 1342 1711 exemplatim
1352 1666 1362 1698 ,
1372 1637 1433 1684 au·

359 1732 545 1807 ctoritatem
562 1728 687 1816 secuti,
707 1727 771 1801 hos
793 1745 861 1802 tres
883 1724 1017 1801 libellos
1038 1725 1095 1801 De
1114 1726 1186 1800 siue
1205 1725 1306 1801 titulo
1323 1728 1434 1804 nomi·

362 1866 467 1925 naut:
488 1875 528 1921 ex
551 1844 675 1946 quibus
682 1843 807 1944 (qnod
831 1842 970 1917 maxime
994 1842 1122 1935 miror)
1138 1861 1218 1917 sunt
1233 1841 1433 1919 laurentius

359 1961 542 2048 vallensis,
561 1980 594 2034 et
617 1964 765 2035 ioannes
788 1957 992 2047 Torteliios,
1022 1958 1174 2061 quinon
1198 1958 1353 2034 ineruditi
1371 1959 1432 2033 ha·

357 2081 491 2156 beatur.
512 2081 644 2154 Horum
668 2076 859 2179 opinionem
882 2073 1040 2177 pluribus
1062 2077 1265 2172 argumentis
1284 2069 1433 2150 retettere

359 2226 430 2272 non
442 2213 578 2306 oportet
592 2225 600 2269 :
615 2194 695 2269 satis
708 2192 796 2266 enim
807 2190 924 2280 inerit,
942 2209 1049 2292 poeta
1062 2193 1258 2266 seutentiam
1269 2208 1303 2266 et
1312 2189 1432 2266 volun·

360 2331 460 2387 tatem
473 2312 514 2388 de
527 2311 629 2409 hujus
641 2308 752 2410 operis
769 2307 885 2396 titulo,
897 2308 1004 2410 ipsius
1018 2308 1128 2384 vermis
1140 2309 1325 2385 adduxisse.
1340 2310 1432 2384 Naso

359 2429 473 2525 igitur,
481 2428 540 2501 tib.
554 2428 604 2499 ΙΙΙ
618 2425 657 2498 de
669 2426 765 2513 Arte,
778 2423 879 2522 hujus
888 2424 941 2499 sui
953 2426 1064 2527 operis
1076 2428 1123 2501 ita
1131 2426 1282 2502 meminit
1292 2457 1301 2500 ε
1313 2459 1329 2492 ιι
1341 2427 1433 2501 Deve

364 2579 381 2610 »
402 2544 509 2619 tribus
527 2541 641 2630 libris,
661 2538 778 2614 titulos
790 2568 876 2642 quos
889 2540 998 2637 signat
1012 2543 1192 2631 Amorum,
1207 2541 1321 2638 Elige,
1340 2541 1434 2644 quod
1468 2589 1473 2598 ·

362 2695 382 2727 ιι
402 2658 504 2733 dociti
521 2656 668 2732 molliter
682 2684 740 2730 ore
756 2654 856 2751 legas.
874 2689 892 2722 ιι
909 2655 1004 2731 Dixit
1017 2686 1152 2759 quoque
1165 2656 1223 2731 lib.
1242 2660 1312 2746 Ill,
1327 2658 1380 2732 ΕΙ.
1398 2676 1431 2744 1,

361 2778 464 2879 hujus
483 2776 615 2878 operis:
633 2810 650 2840 «
667 2774 770 2849 teneri
790 2791 1012 2875 properentur
1025 2802 1169 2863 amores,
1187 2774 1277 2849 Dum
1292 2792 1397 2850 vacat
1412 2810 1430 2841 ιι

360 2893 471 2970 Facile
482 2892 586 2989 igitur
595 2909 684 2974 nuuc
695 2907 849 2978 constare
862 2889 966 2966 cuivis
978 2889 1122 2991 poterit,
1134 2890 1199 2964 nisi
1207 2889 1313 2993 lpsaea
1324 2891 1451 2994 (quod

363 3012 479 3108 aiunt)
498 3009 645 3094 caeciori,
664 3006 799 3082 titulum
816 3032 889 3081 esse
904 3010 1050 3082 Amores.
1070 3010 1232 3084 Caeterum
1248 3039 1319 3085 non
1336 3011 1433 3086 abre

360 3128 432 3201 sore
452 3123 622 3209 existimo,
637 3122 663 3197 si
680 3123 875 3225 priusquam
888 3122 931 3196 ad
944 3125 1107 3197 Amorum
1122 3125 1432 3227 interpretationem

364 3242 515 3317 deflectat
534 3239 661 3330 oratio,
679 3239 759 3340 quid
774 3237 890 3334 Elegia
903 3238 966 3326 sit,
981 3266 1053 3339 quze
1066 3238 1136 3338 ejus
1150 3240 1264 3337 origo,
1281 3243 1371 3317 unde
1381 3243 1433 3317 di-

365 3379 477 3446 catur,
498 3355 633 3458 quinam
652 3373 723 3429 tum
744 3354 835 3456 apud
865 3354 1018 3442 Grecos,
1036 3372 1106 3460 tum
1131 3358 1220 3456 apud
1243 3358 1433 3434 Latinosin

366 3475 467 3571 elegis
485 3472 668 3548 scribendis
682 3471 877 3559 floruerint,
897 3499 995 3572 quam
1016 3471 1224 3571 paucissimis
1245 3475 1432 3550 ostendero.

363 3593 514 3689 Elegiam
532 3592 578 3667 sic
594 3589 716 3665 diffinit
732 3588 931 3678 Diomedes,
947 3605 987 3663 ut
1003 3588 1111 3676 dicut,
1129 3617 1199 3666 eam
1216 3619 1288 3667 esse
1303 3621 1435 3670 mrmen

366 3709 588 3841 compositum
601 3707 792 3781 hexametro
808 3732 922 3789 versu,
940 3721 1227 3806 pentametroque,
1241 3708 1437 3787 adinvicem

366 3823 498 3926 positis.
528 3822 708 3917 Elegorum
727 3837 837 3895 autem
855 3820 1016 3928 originem
1039 3822 1195 3895 incertam
1217 3850 1307 3910 esse,
1327 3827 1437 3900 flora·

366 3941 453 4027 tius,
467 3938 502 4011 in
520 3940 603 4012 Arte
622 3918 775 4026 Poetica,
793 3936 847 4011 his
860 3921 1270 4012 ειπιιίιιίιιιιιιιιιιιιιιεα
1252 3940 1373 4038 «Quis
1387 3959 1437 4016 ta·

370 4083 485 4128 >tmen
507 4053 644 4162 exiguos
669 4052 780 4148 elegos
805 4054 949 4127 emiserit
970 4041 1109 4164 auctor,
1129 4041 1343 4129 Grammatici
1366 4083 1437 4131 ter-

367 4187 497 4257 nunt,
515 4185 548 4243 et
562 4168 671 4242 adhuc
687 4169 750 4243 sub
766 4168 876 4268 judice
892 4168 933 4243 lis
947 4187 1034 4245 est>
1034 4155 1134 4244 {Non
1148 4170 1291 4245 desunt
1280 4171 1435 4278 ¹interim,

369 4313 427 4385 qui
417 4281 631 4360 Callinoum
649 4283 825 4386 quemdam
836 4284 981 4382 Elegia
972 4304 1178 4362 inventorem
1189 4286 1353 4362 exstitisse
1370 4305 1435 4362 tra-
