3159 5134
345 485 410 551 232
674 488 714 554 e.
749 486 1087 578 ov1n11v1ru

347 658 363 687 »
384 621 602 723 suscepisset,
628 623 813 724 periturum
835 625 968 699 videret.
995 623 1135 724 Solique
1151 626 1230 699 buic
1248 627 1414 723 contigit,

348 772 364 800 »
384 762 475 837 pene
493 736 619 809 diutius
640 766 791 812 recusare
815 738 1057 838 principatum,
1075 746 1196 839 quam,
1213 756 1253 813 ut
1274 768 1416 841 occupe-

346 888 363 915 »
383 870 456 926 reut
482 881 579 939 eum,
608 850 666 925 alii
694 855 1055 956 armispugnaverant.
1077 888 1095 918 »
1119 854 1249 928 Eodem
1272 855 1416 931 Ovidius

343 968 478 1069 respicit
496 968 554 1041 tib.
572 972 621 1043 lv
636 999 676 1045 er
694 973 790 1045 Pont
811 971 921 1073 Epist.
939 990 1024 1058 xtlt,
1043 989 1082 1045 ut
1099 972 1141 1046 ad
1157 1000 1281 1047 annum
1298 974 1416 1074 proxi·

344 1117 434 1161 mum
450 1087 644 1162 videbimus.

395 1216 445 1278 2⁰.
464 1206 568 1279 Poeta
586 1204 710 1277 ibidem
728 1204 818 1277 haud
836 1205 975 1278 obscure
993 1205 1143 1300 designat
1158 1207 1259 1281 Licin
1275 1209 1307 1282 in
1322 1208 1418 1282 fami-

347 1320 425 1394 liam
438 1320 561 1394 ,lolium
580 1338 611 1392 et
625 1348 747 1392 nomen
764 1324 922 1419 Augustae
935 1321 1170 1422 adoptionem,
1187 1325 1333 1419 Augusti
1350 1343 1418 1398 tes-

347 1457 492 1512 tamento
505 1438 642 1523 saetam,
656 1454 737 1512 teste
752 1438 886 1523 Tacito,
904 1439 982 1539 qui,
998 1441 1144 1535 Augusti
1155 1460 1260 1515 morte
1272 1460 1417 1530 nomam,

347 1556 520 1654 subjungit
541 1564 547 1593 ¹
566 1584 573 1626 :
593 1588 609 1618 «
628 1540 719 1627 Nibil
740 1536 997 1654 pn'mo'senatus
1014 1555 1066 1630 die
1084 1555 1136 1651 agi
1153 1586 1270 1657 passus
1291 1558 1419 1654 (Tibe-

352 1708 368 1739 »
389 1674 504 1766 rius),
521 1672 585 1745 nisi
599 1671 638 1745 de
652 1672 815 1772 supremis
829 1672 985 1766 Augusti.
1002 1673 1107 1773 Cujus
1122 1691 1353 1749 testamentum
1366 1677 1419 1749 in-

351 1825 368 1854 υ
390 1787 491 1862 latum
511 1815 570 1889 per
586 1786 731 1882 virgines
752 1788 879 1874 Vestae,
895 1787 1069 1863 Tiberium
1085 1807 1118 1864 et
1140 1791 1268 1864 Liviam
1284 1790 1420 1865 heredes

353 1940 370 1971 ι»
388 1906 518 1979 habuit.
541 1904 633 1979 Livia
652 1904 687 1976 in
708 1901 865 1976 familiam
887 1903 1032 1989 Juliam,
1053 1933 1242 2006 nomenque
1259 1908 1420 2002 Auguste

354 2058 370 2088 »
390 2024 634 2097 adsumebatur.
660 2056 677 2087 »
697 2021 787 2094 Idem
808 2021 944 2094 tradunt
954 2020 1101 2119 Velleius
1118 2032 1131 2061 ²
1150 2040 1183 2097 et
1196 2024 1377 2101 Suetonius
1391 2022 1420 2110 ³;

350 2141 611 2239 confirmautque
630 2137 756 2211 nummi
770 2140 925 2234 Augusto
946 2139 1013 2240 jorn
1031 2138 1186 2214 defuncto
1197 2142 1282 2229 cusi,
1296 2142 1420 2217 Liviam

352 2258 415 2333 sub
433 2256 491 2330 itto
509 2258 634 2330 JUthE
649 2257 838 2328 AUGUSTAE
853 2255 988 2329 nomine
1004 2270 1283 2356 representantes.

755 2423 1019 2444 mmmm

502 2593 583 2646 Anno
596 2590 628 2646 C.
643 2610 678 2645 xv
689 2612 696 2657 ;
707 2592 742 2646 U.
756 2591 789 2645 C.
802 2606 960 2655 ucctxvrm
973 2591 1064 2645 Ovidii
1074 2608 1133 2646 nvn
1146 2603 1175 2646 et
1185 2608 1264 2647 tvm.

453 2735 584 2795 DRUSO
603 2732 778 2800 CAESARE,
799 2732 831 2789 C.
849 2732 1034 2789 NORBANO
1052 2732 1204 2789 FLACCO
1223 2733 1325 2789 COSS.

404 2882 431 2952 l.
452 2880 655 2952 Ettsrotttt
667 2894 734 2951 xttt
748 2875 806 2949 lib.
825 2877 874 2949 IV
890 2903 928 2948 ex
945 2877 1077 2964 Ponto,
1091 2893 1179 2950 sexto
1190 2876 1293 2983 hyeme
1305 2875 1357 2949 sui
1367 2905 1425 2951 ex·

357 2996 422 3070 sitii
441 3025 458 3069 a
476 2998 607 3069 Nasone
624 2994 800 3093 scriptam,
814 2992 967 3091 superius
985 2990 999 3039 ⁴
1014 3019 1052 3065 ex
1070 3021 1151 3066 vers.
1171 2995 1218 3086 40
1234 2992 1424 3080 docuimus,

356 3111 506 3210 hancque
525 3108 681 3210 temporis
699 3126 814 3181 notam
834 3135 852 3178 a
876 3134 975 3206 prava
998 3106 1197 3181 eminentiss.
1224 3105 1349 3180 Norisii
1374 3106 1425 3179 iu·

358 3225 591 3326 terpretatione
603 3221 849 3295 vindicavimus.
867 3220 926 3295 ltta
939 3238 1048 3296 autem
1061 3221 1163 3328 lycum
1175 3223 1325 3324 proxime
1338 3251 1427 3296 mor-

359 3361 426 3416 tem
439 3340 583 3436 Augusti
602 3339 821 3441 sequebatur,
839 3356 879 3412 ut
903 3338 1026 3412 ibidem
1051 3339 1160 3413 obiter
1184 3339 1347 3425 diximus,
1363 3365 1427 3439 pa·

359 3474 473 3558 tetque
489 3486 528 3531 ex
544 3457 597 3531 bis
613 3472 719 3557 poetae
737 3455 778 3529 de
795 3483 856 3528 suo
876 3455 1016 3528 carmine
1031 3453 1144 3549 lingua
1162 3442 1272 3528 Getico
1284 3453 1426 3527 concin-

359 3592 456 3661 nato,
473 3602 557 3647 vers.
580 3571 712 3673 19-28:

525 3719 569 3774 Ab
581 3719 677 3790 pudet!
689 3730 716 3773 et
731 3721 821 3773 Getico
831 3722 925 3788 scripsi
932 3736 1044 3772 sermone
1054 3721 1180 3780 libellum,

553 3811 710 3880 Structoque
720 3821 784 3864 sunt
795 3811 889 3864 nostris
899 3810 1010 3865 barbara
1020 3809 1099 3865 verba
1110 3807 1202 3862 modis.

395 3985 404 4014 ¹
424 3980 520 4035 Annei.
531 3978 573 4034 lib.
587 3982 614 4048 Ι,
627 4000 682 4050 cap.
698 4001 735 4033 11.

395 4074 407 4108 ²
423 4073 480 4127 Lib.
493 4074 538 4140 ll,
552 4093 607 4143 cap.
621 4077 659 4142 75.

392 4164 408 4200 ³
425 4168 457 4223 In
470 4166 538 4236 Aug.
548 4185 603 4239 cap.
617 4183 672 4220 ror.

395 4261 408 4297 ⁴
424 4261 487 4330 Peg.
503 4260 546 4314 181
559 4268 587 4313 et
601 4259 655 4313 181.
