3159 5134
362 532 426 599 318
654 583 657 590 ,
701 527 1100 599 nantcarlottcs

762 721 1012 742 ψ

443 856 679 982 uuonan
710 905 1030 980 nunsnnnnr
1061 903 1363 980 onurcarro

728 1127 776 1182 ΙΝ
801 1125 998 1194 FASTOS,
1021 1138 1070 1182 eto

773 1349 939 1390 Amnestum
949 1351 1028 1402 vmo,

549 1509 593 1573 D.
626 1507 951 1574 HIERONYMO
981 1509 1014 1573 A
1040 1507 1263 1578 santra.

476 1693 724 1792 Quarnomtt
734 1724 837 1797 quum
852 1695 1016 1796 superiori
1023 1695 1215 1772 semesuiiu
1226 1725 1434 1772 communem

363 1817 545 1917 juventutis
562 1815 764 1895 scholasticae
779 1848 878 1893 usum
891 1819 1065 1894 Maronem
1084 1818 1278 1908 edidissem,
1293 1815 1434 1896 aliorum

365 1941 501 2045 partim,
515 1943 597 2016 meis
613 1969 747 2044 quoque
765 1940 901 2017 scholiis
918 1942 1273 2045 observationibusque
1288 1941 1435 2018 illustra·

367 2083 457 2155 tum,
473 2091 512 2139 ac
529 2063 649 2167 (quod
665 2065 734 2140 sine
749 2065 942 2162 arrogantia
961 2065 1182 2144 ostentatione
1199 2097 1219 2142 a
1234 2094 1287 2140 me
1309 2063 1435 2143 dictum

366 2186 560 2283 sit)·multis
577 2187 612 2261 in
626 2187 708 2263 locis
721 2206 923 2277 correctum3
940 2189 1201 2292 operaepretium
1210 2219 1261 2266 me
1270 2189 1436 2265 facturum

365 2312 498 2415 putavi,
517 2309 732 2412 periclitando
751 2310 838 2386 idem
854 2312 890 2385 in
905 2311 1052 2388 Nasonis
1067 2312 1219 2414 scriptis3
1237 2314 1272 2426 iu
1289 2312 1436 2416 quibus,

367 2436 480 2510 sinon
499 2452 626 2509 tantum
642 2431 865 2522 difficultatis,
880 2464 948 2509 non
967 2436 1077 2510 minus
1092 2434 1262 2538 profecto,
1285 2465 1384 2540 quam
1400 2435 1436 2510 in

367 2558 427 2634 itto
446 2557 663 2648 mendorum,
684 2556 738 2633 vet
756 2557 927 2661 abquauto
945 2559 1044 2634 etiam
1059 2558 1203 2661 amplius
1223 2557 1435 2634 inveniretur.

367 2685 484 2786 Neque
497 2707 575 2757 vero
587 2681 630 2757 ab
646 2681 710 2757 boc
726 2682 881 2758 instituto
899 2712 951 2758 me
966 2681 1197 2758 deterruerunt
1218 2679 1437 2785 quorumdam

366 2807 410 2883 de
424 2807 496 2881 boc
510 2824 611 2909 poeta
625 2805 749 2908 judicia
765 2836 835 2880 non
855 2806 1033 2881 admodum
1051 2805 1249 2892 honorifica
1274 2836 1378 2908 quum
1395 2807 1437 2880 iis

370 2953 572 3033 opponerem
583 2929 777 3004 contrariam
787 2931 828 3005 de
843 2930 907 3004 boc
919 2929 993 3033 ipso
1009 2959 1111 3032 quum
1122 2925 1262 3005 aliorum
1278 2929 1437 3005 doctrina

369 3054 553 3128 eruditione
578 3071 612 3127 et
636 3051 761 3148 ingenii
782 3054 931 3128 acumine
955 3054 1188 3155 praestantium,
1201 3055 1349 3132 virorum
1365 3053 1438 3159 opi·

368 3177 525 3265 monem,
550 3191 621 3251 tum
645 3176 798 3277 inprimis
813 3176 896 3251 tulii
915 3177 1051 3256 Caesaris
1069 3176 1246 3274 Scaligeri‚
1269 3196 1304 3251 at
1321 3177 1437 3280 quanti

369 3299 447 3375 viri!
464 3299 739 3376 existimationem
756 3298 850 3388 ratde
873 3298 1072 3402 preclaram.
1095 3301 1175 3374 Nou
1194 3301 1281 3375 enim
1304 3301 1439 3398 ignora-

368 3426 447 3500 bam
469 3426 512 3499 ab
530 3425 605 3526 ipso
622 3425 655 3498 in
672 3423 894 3528 hypercritico
910 3426 1001 3500 bunc
1021 3441 1175 3499 nostrum
1197 3419 1246 3498 illi
1264 3439 1438 3530 poetarum

370 3549 458 3625 aetati
475 3550 655 3636 accenseri,
672 3549 707 3622 iu
725 3578 806 3650 qna,
826 3577 926 3649 quum
941 3566 1128 3623 caeterarum
1146 3565 1277 3622 aetatum
1290 3546 1347 3622 atii
1360 3546 1439 3623 atias

369 3692 521 3750 enatura
539 3676 678 3748 virtutes
697 3672 790 3750 datas
815 3671 1007 3775 profitetur,
1033 3689 1150 3747 cuncta
1176 3669 1274 3745 simul
1296 3669 1438 3745 inveniri

372 3798 555 3885 existimat,
573 3815 644 3873 tum
660 3797 835 3872 candorem
853 3813 1121 3897 venustatemque
1140 3795 1266 3895 absque
1282 3787 1349 3867 ulla
1369 3793 1440 3870 dic-

371 3917 474 3996 tionis
490 3917 712 4008 affectatione,
728 3917 807 3992 bnic
826 3947 895 3994 esse
911 3917 1108 4021 peculiarem
1123 3915 1310 3992 arbitratur.
1335 3917 1440 4015 Quod

371 4061 481 4119 autem
498 4039 672 4138 singularis
687 4040 828 4144 exempli
843 4041 911 4131 vir,
927 4070 1035 4144 neque
1051 4070 1117 4116 sua
1133 4039 1291 4116 duntaxat
1303 4041 1438 4141 patria,

372 4169 431 4245 sed
441 4168 544 4242 totius
561 4165 744 4241 Germania
756 4183 1003 4254 ammentum,
1014 4165 1207 4240 Joacbimus
1216 4164 1438 4248 Camerarius,

374 4294 466 4396 quod
483 4290 606 4367 ovidio
624 4290 741 4365 tribuit
759 4286 926 4385 elogium?
945 4317 1045 4390 qnam
1065 4290 1100 4363 iu
1124 4287 1182 4366 itto
1203 4285 1334 4362 laudem
1357 4287 1438 4361 emi-
