3159 5134
279 550 286 557 .
355 485 398 571 40
637 490 677 555 Ρ.
705 491 883 558 ovmrr
906 491 1136 562 nnsorus

402 631 471 703 Ora
488 656 588 730 super
601 628 658 704 lixi
677 660 773 731 quem
794 631 937 706 cecidere
954 633 1033 707 suis.

353 748 428 821 Sive
443 747 531 821 idem
549 747 647 822 simili
663 750 764 851 pinus
781 780 880 850 quem
896 769 1002 825 morte
1021 751 1177 852 peremitg

401 864 512 965 Phryx
530 882 562 938 et
576 885 711 940 venator
724 868 772 941 sis
788 869 1074 969 Berecynthiades.

352 981 388 1054 Si
408 999 463 1055 tua
480 983 657 1079 contigerit
673 985 806 1060 Minoas
823 987 949 1086 puppis
966 1015 1102 1073 arenas,

401 1100 450 1172 Te
466 1100 674 1198 Corcyraeum
692 1101 823 1175 Cressia
840 1102 939 1175 turba
954 1119 1060 1201 putet.
1129 1194 1133 1201 ,

354 1215 601 1314 Lapsuramque
619 1213 752 1287 domum
768 1215 905 1303 subeas,
923 1233 963 1287 ut
979 1215 1115 1310 sanguis
1131 1214 1259 1303 Aleuae,

403 1325 505 1400 Stella
520 1326 734 1428 Leoprepidae
753 1356 856 1428 quum
872 1328 936 1402 luit
951 1357 1044 1429 acqua
1060 1327 1154 1400 viro:

357 1444 469 1542 thue
483 1442 533 1516 vel
551 1445 682 1517 Evenus
698 1443 837 1517 torrenti
853 1443 986 1519 llumine
1006 1472 1154 1531 mersus,

1369 890 1421 943 51·

1371 1462 1422 1517 515

357 1607 486 1662 definiret
495 1608 643 1662 meridiano
656 1619 737 1676 utu,
750 1609 867 1664 solutum
914 1610 1031 1663 carmine
1046 1609 1170 1664 daturum
1182 1628 1189 1672 ς
1203 1607 1333 1678 reliquum
1344 1627 1358 1661 a
1369 1608 1423 1664 suis

358 1687 413 1757 apri
425 1698 515 1757 caput,
528 1687 683 1740 dormientis
694 1706 723 1741 os
732 1688 867 1758 oppressit
915 1689 1090 1759 Tyndaridis,
1109 1708 1174 1759 quos
1188 1708 1261 1758 aque
1278 1688 1422 1755 laudasset,

391 1768 447 1820 508.
467 1767 522 1818 Ora
537 1785 611 1833 seper
627 1770 694 1818 sesi·
712 1765 820 1820 Rectius
839 1767 866 1819 iu
914 1776 1033 1833 peteret,
1045 1767 1066 1819 si
1079 1766 1103 1819 ei
1116 1766 1257 1820 videretur.
1269 1765 1352 1820 Paulo
1363 1776 1424 1835 post

359 1844 414 1899 aliis
429 1846 559 1914 impressis
578 1856 606 1900 et
624 1845 703 1900 Matr.
724 1847 777 1899 Ora
795 1865 870 1914 snper
914 1842 1006 1896 lerunt
1026 1864 1081 1897 esse
1097 1845 1252 1899 nunciatum
1271 1843 1420 1911 Simonidi,

349 1926 411 1991 firi.
427 1921 508 1976 Ctor.
915 1930 945 1972 ut
959 1919 1076 1988 prodiret
1090 1941 1097 1975 z
1113 1922 1223 1990 juvenes
1238 1931 1305 1974 stare
1322 1920 1354 1974 ad
1375 1922 1422 1990 ja·

393 2005 449 2073 509
462 2002 546 2071 Atque
555 2005 630 2055 silem.
643 2002 707 2074 Atys
717 2012 743 2056 et
752 2002 866 2056 Nauclus
914 2015 996 2049 uuam
1008 1998 1074 2052 duos
1085 1999 1227 2068 quosdam,
1239 1998 1284 2068 qui
1296 2017 1357 2050 eum
1366 2017 1422 2052 ma-

358 2078 429 2147 pinei
442 2079 514 2148 pomi
526 2098 585 2133 casu
598 2080 759 2134 dormientes
771 2079 799 2132 in
812 2096 866 2132 ve·
915 2093 1029 2143 gnopere
1038 2087 1190 2143 evocarent,
1199 2076 1336 2129 surrexisse
1346 2075 1422 2128 illum

360 2156 466 2210 natione
478 2158 564 2210 obruti
575 2169 645 2211 sunt
771 2149 781 2165 ⁰
914 2154 1015 2222 ipsum,
1028 2155 1157 2224 prodisse,
1169 2156 1261 2210 vidisse
1274 2156 1421 2209 neminem.

393 2239 450 2289 510,
467 2238 577 2287 Veralor
588 2238 699 2303 Phrygia
714 2240 798 2302 srquuc
808 2236 867 2286 Be·
915 2231 976 2286 Hoc
988 2233 1095 2287 interim
1105 2233 1189 2304 spatio
1202 2234 1321 2289 conclave
1333 2232 1399 2288 illud
1411 2273 1420 2302 ,

358 2315 509 2366 recsttades.
522 2314 583 2365 Non
596 2321 716 2365 constant
727 2312 776 2364 sibi
787 2310 865 2363 codi-

358 2410 415 2454 ces;
432 2390 566 2459 plerique:
578 2411 591 2434 u
602 2388 706 2458 Frigida
715 2399 825 2441 venator
833 2388 867 2441 sis

360 2468 606 2541 Berecyntheades‚
624 2489 638 2515 a
648 2468 689 2520 vel
702 2470 808 2535 Frisiis,
824 2467 867 2519 vel

360 2552 457 2601 Frisia.
472 2547 542 2617 Lege
560 2566 592 2599 ια
608 2546 696 2616 Phryx
712 2557 742 2599 tu
757 2557 867 2600 venator

360 2624 393 2679 sis
404 2623 632 2696 Berecynthiades.
640 2646 654 2669 υ
667 2624 767 2677 iimo.

394 2706 450 2756 511.
469 2704 580 2754 dlr'rsoasi
597 2701 668 2755 Socii
686 2700 786 2754 Minois
799 2700 867 2770 regis

360 2780 493 2835 interlecti
508 2781 535 2833 in
551 2779 637 2834 Sicilia
653 2780 778 2846 iniuriam
796 2779 866 2832 ulci-

915 2310 960 2363 uhi
978 2314 1128 2379 epularetur
1143 2314 1239 2382 Scopas
1257 2311 1421 2367 concidisse:

915 2407 946 2440 ea
957 2390 1033 2443 ruina
1041 2391 1127 2460 ipsum
1137 2409 1288 2461 oppressum
1298 2408 1359 2443 cum
1367 2389 1421 2442 suis

915 2467 1042 2522 interiisse
1050 2508 1058 2535 ‚
1070 2480 1119 2523 ete.
1133 2492 1146 2515 u
1164 2470 1224 2522 Fuit
1240 2468 1312 2521 enim
1324 2467 1422 2535 Scopas

915 2543 1005 2597 Alevae
1020 2548 1142 2616 sanguis,
1161 2546 1211 2600 hoc
1227 2557 1282 2611 est,
1303 2564 1335 2598 ex
1353 2544 1422 2598 illius

915 2625 1058 2693 progenie,
1073 2625 1210 2685 Creontis,
1223 2635 1250 2676 et
1263 2623 1423 2677 Echecratis

915 2700 999 2765 lilius,
1010 2712 1040 2756 ut
1048 2703 1176 2772 interpres
1186 2700 1320 2755 Theocriti
1334 2700 1422 2754 tradit

916 2778 970 2832 Per
980 2784 1079 2833 stellam
1090 2800 1153 2850 ergo
1164 2779 1300 2833 Castorem
1314 2791 1341 2833 et
1353 2780 1423 2833 Pol-

359 2871 470 2926 scentes,
479 2860 627 2929 quicunque
635 2878 665 2911 ex
672 2858 757 2912 Sicilia
766 2860 793 2911 in
803 2857 866 2911 Cre·

361 2948 415 2990 tam
424 2936 597 3007 navigarunt,
609 2936 809 2989 interficiebant.

915 2859 1017 2926 lucem,
1032 2861 1078 2930 qui
1090 2861 1267 2914 Geminorum
1278 2858 1348 2913 sidus
1356 2877 1423 2912 con—

914 2937 1044 3006 stituunt,
1061 2939 1199 3009 intelligo:
1215 2957 1263 3007 per
1276 2939 1423 3008 Lycoridem

395 3017 451 3072 513.
459 3020 605 3086 lapsuram
614 3014 714 3080 Alcide,
724 3014 813 3068 Alebss
820 3015 867 3067 La·
916 3029 1004 3071 autem
1017 3019 1119 3084 virum,
1133 3015 1308 3072 Simonidem.
1325 3015 1394 3069 Mac.

360 3096 438 3151 risssri
453 3095 524 3161 lilia,
539 3113 601 3147 cum
614 3094 672 3146 siro
682 3093 809 3165 Lycoride
822 3113 867 3147 ea·
950 3101 1004 3162 514.
1016 3100 1095 3150 Siella
1108 3100 1243 3169 Lycon'dae.
1256 3097 1337 3150 Recte
1353 3097 1422 3147 leo-

363 3176 423 3229 dem
436 3174 530 3227 domus
540 3172 617 3226 ruina
629 3174 722 3227 obruta
734 3184 780 3227 est.
788 3173 866 3227 Dost.
910 3180 1023 3242 prepidoe
1034 3175 1149 3244 Scaliger
1157 3175 1312 3230 Ausonianis
1322 3175 1422 3228 Lectio·

361 3251 866 3322 —Utsarqur'sAleraeNideturpoeta
914 3253 1010 3320 nibus,
1027 3254 1147 3308 insistens
1168 3253 1279 3323 vestigiis
1299 3263 1421 3306 veterum

361 3332 495 3388 historiam
505 3328 866 3398 Simonidsesignificare,cu·
915 3331 1422 3403 exemplariumtleopcepisfiliusSimo·

361 3414 403 3484 jus
411 3411 558 3465 meminere
567 3409 654 3462 Valer.
666 3409 773 3462 Maxim.
785 3409 829 3463 lib.
838 3411 864 3476 1,
914 3411 1003 3473 nides;
1017 3412 1052 3465 ita
1063 3412 1155 3480 passim
1169 3421 1294 3464 auctores.
1302 3411 1421 3480 H.—l7·

361 3510 415 3560 cap.
428 3491 460 3544 de
473 3489 623 3551 Miraculis,
638 3498 666 3540 et
679 3487 773 3542 Cicero
783 3490 863 3550 item,
914 3495 1011 3544 corriiae.
1019 3490 1072 3544 Sed
1083 3509 1130 3543 cur
1138 3489 1313 3558 lycorr'desab
1321 3488 1422 3542 ovidio

360 3570 404 3622 lib.
414 3569 441 3621 ll
454 3568 486 3620 de
494 3566 620 3631 Oratore,
633 3565 866 3632 hujusverbasunt
915 3568 1064 3622 Simonides
1072 3565 1419 3638 dictusillseretMicyllus3

361 3644 865 3712 hactsssicunlenimquumcoeua-
913 3660 944 3701 ut
962 3659 989 3701 et
1003 3649 1121 3701 Turneb.
1139 3664 1218 3714 quem
1236 3644 1294 3698 vide
1313 3644 1356 3697 lib.
1378 3645 1419 3698 lX
1504 3656 1506 3665 ’

361 3723 533 3779 retCranone
541 3723 568 3776 in
578 3723 708 3776 Thessalia
716 3723 865 3778 Simonides
914 3727 982 3781 sav.
996 3747 1050 3796 cap,
1063 3732 1101 3781 25.
1117 3728 1153 3780 As
1164 3727 1220 3780 Jos·
1232 3725 1323 3793 Scalig.
1336 3724 1379 3778 ld).
1391 3724 1419 3779 ll

361 3805 429 3874 apud
446 3805 575 3873 Scopam,
594 3803 755 3856 fortunatum
772 3803 865 3857 horni-
914 3805 1014 3859 Auson.
1029 3806 1099 3858 Lect.
1110 3824 1166 3874 cap.
1178 3805 1228 3870 30,
1243 3802 1324 3873 legit:
1340 3803 1421 3855 Stella
1441 3842 1444 3846 Α

362 3902 425 3937 nem
442 3893 469 3936 et
485 3882 618 3946 nobilem,
637 3880 865 3949 cecinissetqueid
913 3884 1071 3952 Leoprepidae
1078 3888 1178 3936 car'ete.
1188 3882 1249 3936 Fuit
1258 3882 1328 3934 enim
1340 3891 1420 3949 Σιμω-

361 3979 467 4016 carmen
478 3959 547 4029 quod
560 3960 588 4012 in
599 3977 661 4013 eum
671 3957 825 4029 scripsisset,
836 3960 863 4012 in
913 3968 979 4023 νίὴς
988 3970 1147 4036 usurpemus,
1159 3970 1189 4012 ut
1197 3960 1233 4012 ait
1241 3957 1349 4023 Suidas,
1361 3975 1418 4010 non

361 4058 414 4109 quo
432 4038 514 4091 multa
530 4036 556 4089 in
573 4036 710 4090 Castorem
726 4038 820 4105 scripta
838 4048 866 4090 et
914 4051 1000 4092 tamen
1013 4038 1105 4108 ignoro
1120 4037 1195 4108 paulo
1210 4049 1267 4107 post
1282 4036 1308 4089 in
1322 4035 1417 4089 eodem

364 4117 499 4170 Pollucem
510 4114 634 4181 luissent,
647 4113 805 4168 uimisillum
812 4133 865 4167 sor-
913 4114 994 4170 Suida
1005 4115 1055 4185 legi
1065 4122 1112 4172 oliv
1121 4125 1263 4190 θεοπρεποῦς.
1272 4116 1305 4167 V.
1316 4113 1408 4166 Atton-

363 4196 423 4249 dide
432 4194 561 4249 Simonidi
572 4193 675 4260 dixisse,
688 4214 715 4247 se
725 4193 864 4246 dimidium
945 4198 1001 4249 515.
1017 4195 1103 4262 thue.
1117 4194 1237 4259 Euenus,
1248 4210 1330 4262 quum
1345 4191 1419 4243 Man

361 4275 434 4341 ejus,
451 4274 475 4328 ei
489 4272 559 4343 quod
577 4284 665 4343 pactus
677 4281 744 4326 esset
758 4290 807 4340 pro
821 4270 864 4325 illo
911 4271 1005 4341 pissam
1022 4271 1104 4325 liliam
1115 4271 1319 4342 pulcherrimam
1335 4268 1418 4322 habe·
