3159 5134
368 525 429 592 126
689 528 726 591 P.
759 527 945 596 ovlnll
972 525 1100 593 VITA

576 685 708 740 Ereiderit
720 697 824 741 tantum
835 707 872 742 ne
884 689 930 742 tibi
942 706 1007 744 cur·
1017 688 1073 742 mni
1084 707 1092 740 τ

528 776 619 847 Quam
632 787 661 830 tu
673 778 714 831 vel
725 778 796 849 longi
810 779 889 834 deber
899 778 1060 834 convictibus
1071 778 1134 844 ovi,

557 869 610 923 vet
621 889 677 924 m
688 871 758 941 quod
770 874 866 943 conjux
877 892 933 925 non
946 876 1032 926 alim
1042 872 1097 926 tibi.
1190 888 1202 904 ·

363 1012 862 1110 ldemetdeliulrdiscimnser
874 1013 927 1088 El.
939 1013 1285 1114 xtejnsdunlssrri‚vs.
1303 1013 1424 1090 1318:

526 1183 627 1254 Sponte
640 1182 765 1253 quidem,
779 1203 827 1254 per
836 1204 916 1255 seque
928 1205 984 1238 m
993 1195 1033 1239 est
1045 1183 1179 1240 laudobisn
1189 1203 1268 1251 reor,¹

558 1273 705 1328 Admonitu
720 1276 815 1328 melior
825 1274 856 1329 lit
867 1285 957 1329 turen
969 1275 1013 1329 itta
1025 1285 1082 1330 tuo.

530 1367 652 1437 Namque
666 1365 737 1436 quod
752 1367 913 1422 Hermiones
925 1366 1022 1422 Creten
1031 1367 1100 1435 luit,
1113 1367 1214 1422 Ησαίου
1225 1367 1291 1433 luti,

562 1458 621 1511 Hoc
634 1476 683 1526 ego
694 1467 720 1510 te
733 1457 808 1510 letor
819 1458 935 1525 coelisp's
946 1476 1000 1511 esse
1012 1474 1091 1521 mee,

530 1548 614 1617 Quo,
628 1566 662 1602 ne
674 1545 803 1600 dissimilis
816 1547 862 1600 tibi
874 1547 906 1600 sit
918 1546 1063 1616 probitate,
1074 1545 1191 1613 laborat,

560 1637 648 1707 Seque
660 1643 700 1690 tri
709 1637 761 1690 vita
770 1642 903 1705 sangrffis
915 1656 969 1692 ease
982 1637 1091 1707 probat:

366 1781 453 1857 unde
476 1778 584 1881 palam
604 1777 657 1867 fit,
676 1777 796 1879 Rufum
822 1778 923 1853 firisse
943 1779 1043 1880 hujus
1060 1781 1164 1854 tertie
1185 1779 1298 1854 uxoris
1314 1780 1430 1877 Ovidii

364 1896 566 1980 avunculum,
588 1892 864 1995 quemadmodum
880 1896 1047 1969 avunculus
1061 1912 1131 1969 erat
1146 1894 1326 1970 Hermiones
1346 1896 1431 1971 Cas-

365 2035 430 2103 tor,
449 2016 500 2088 uti
513 2031 546 2087 et
559 2013 632 2086 Inli
640 2013 775 2086 Hector.
791 2012 924 2086 Etenim
939 2012 1105 2088 llerrnione
1118 2012 1184 2088 filia
1201 2014 1266 2089 suit
1277 2014 1426 2101 lielenoe,

366 2162 439 2235 quae
455 2160 549 2206 soror
567 2123 704 2205 Custon's
716 2146 749 2202 et
759 2128 917 2218 Pollucis,
935 2160 973 2206 er
986 2131 1078 2206 Leda
1093 2161 1194 2207 uxore
1209 2132 1365 2235 Tyndari.
1378 2134 1430 2207 lta

366 2233 560 2321 Iulusiilius
577 2262 645 2319 erat
656 2245 769 2319 AEneae
782 2273 821 2318 ex
838 2245 968 2334 Creusa,
986 2249 1109 2323 Priami
1122 2247 1204 2336 filia,
1224 2265 1256 2321 et
1274 2247 1428 2323 Hectoris

366 2391 491 2438 sorore.
509 2361 638 2436 Idcirco
654 2360 724 2434 haec
740 2359 884 2437 Nasonis
900 2391 984 2436 uror
999 2379 1137 2438 matrem
1150 2362 1269 2438 habuit
1283 2363 1364 2459 Rufi
1373 2391 1429 2437 so

367 2505 485 2553 rorem.
501 2475 627 2552 Fundis
634 2504 712 2551 vero
722 2477 899 2575 quiesiste
911 2477 985 2568 suit,
996 2497 1035 2554 ut
1048 2478 1100 2554 El.
1111 2479 1167 2554 fin.
1182 2482 1304 2554 Noster
1314 2478 1427 2553 docet:

531 2648 648 2703 Maxima
661 2652 778 2704 Fundani
789 2649 887 2721 gloria,
901 2650 998 2718 Run,
1011 2656 1069 2705 solr'.

416 2798 537 2869 Fuerat
559 2794 628 2866 haec
645 2791 759 2867 Ovidii
780 2796 879 2900 tertia
901 2794 1021 2893 conjux
1037 2811 1115 2867 ante
1126 2793 1222 2868 alteri
1238 2811 1343 2895 nupta
1358 2822 1431 2867 ma-

368 2914 451 3000 rito,
469 2941 508 2987 ex
525 2940 593 3012 quo
608 2910 706 2984 filiam
725 2928 917 3012 pepererat,
935 2940 1032 3012 quam
1048 2931 1164 3014 postea
1180 2910 1323 3000 Suillius,
1346 2913 1430 2988 Ger·

367 3030 489 3105 manici
500 3029 638 3102 Caesaris
649 3054 777 3115 comes,
795 3026 907 3118 duxit,
924 3055 961 3102 er
975 3030 1100 3121 Ponto,
1112 3029 1171 3104 lib.
1185 3033 1244 3120 lv,
1259 3034 1321 3134 Ep.
1338 3049 1428 3118 vm,

368 3174 448 3222 vers.
468 3170 580 3246 9-12:

528 3317 577 3371 lus
589 3314 692 3384 aliquod
704 3314 805 3370 [edunt
816 3314 906 3385 abiate
916 3320 1020 3370 wncrle
1030 3316 1122 3384 nobo,

562 3406 632 3477 Quo
644 3424 747 3476 semper
758 3416 884 3460 maneant
891 3405 1049 3473 illabefacta,
1061 3424 1161 3475 precor.

533 3498 602 3552 Nam
613 3495 659 3550 tibi
671 3515 730 3567 quo
741 3497 852 3567 conjux,
866 3495 960 3550 eadem
971 3496 1182 3567 mihifilr'apaere
1191 3508 1247 3552 ert:

562 3590 597 3644 Et
608 3608 666 3659 qut
677 3600 703 3643 te
713 3609 848 3657 geneum,
871 3608 914 3644 me
925 3600 1000 3645 vocat
1012 3590 1054 3645 illa
1066 3596 1161 3656 mrem,
1178 3600 1227 3645 etc.

417 3733 519 3832 Quod
535 3761 636 3834 porro
650 3733 772 3807 Noster
784 3731 893 3807 desua
908 3733 1081 3833 subjungit
1093 3732 1176 3820 fitia,
1193 3749 1368 3835 postquam
1384 3732 1425 3806 de

279 3873 282 3882 “
368 3849 437 3924 suis
446 3849 644 3949 conjugibus
653 3868 854 3937 narraverat,
866 3849 1057 3946 ambiguum
1070 3849 1186 3939 efficit,
1196 3878 1260 3951 qua
1272 3879 1311 3925 ex
1324 3877 1427 3924 uxore

368 3994 439 4042 eam
456 3964 624 4062 gennerit,
642 3965 743 4038 Trist.
762 3964 822 4058 lib.
841 3967 902 4055 lv,
919 3964 1011 4064 Eteg.
1031 3987 1070 4055 x,
1087 3995 1169 4042 vers.
1189 3967 1234 4068 75
1250 3984 1283 4042 et
1302 3965 1370 4067 762
1466 3966 1472 3975 ’

530 4140 597 4190 Fen
608 4137 646 4190 bis
658 4137 742 4206 prima
754 4156 810 4190 eree
821 4155 863 4190 me
875 4137 998 4193 iocunda
1010 4140 1130 4209 juventa,

560 4225 613 4280 Sed
627 4246 679 4282 non
692 4247 723 4279 er
734 4245 788 4280 uno
801 4229 912 4299 conjuge
924 4270 932 4296 ,
944 4228 1007 4283 lecit
1019 4248 1103 4283 armo.
