3159 5134
399 533 514 610 ΕΤ
535 535 912 613 enfflrtrtotttts.
1032 561 1036 570 '
1141 548 1207 613 325

145 669 294 785 blojores
309 685 406 760 etiam
422 683 531 760 sulum
547 701 679 808 poetam
700 669 811 786 ipsum
832 686 1012 787 'sapientem
1027 711 1098 760 esse
1115 686 1209 761 adse-

12 803 13 810 *
145 827 313 884 ruerunt.
327 809 477 905 Perge
463 810 593 904 rgrtur
603 808 801 926 utcoepisti,
819 826 869 897 et,
886 825 924 882 ut
935 808 1037 895 laets
1057 808 1097 883 ad
1114 835 1209 883 man-

11 921 12 926 *
147 934 307 1012 auctiores
318 951 432 1037 poetas
441 934 608 1007 rnterdum
616 933 756 1009 redeas
748 933 1060 1035 sedmpraesentra
1071 934 1111 1008 ad
1124 936 1208 1008 ovi-

73 1133 77 1142 „
148 1047 239 1131 dium
261 1058 301 1132 de
323 1056 509 1145 lbistibus,
528 1056 619 1174 quud
635 1083 720 1158 epus
737 1039 1011 1152 elegantissimum
1030 1056 1209 1132 subsecivis

147 1181 364 1284 temporibus
372 1181 927 1282 tebortanteinteepretatisn'rnus
943 1181 1090 1255 Labores
1098 1198 1208 1255 autem

146 1321 281 1379 nostros
307 1322 367 1378 tuo
388 1304 516 1378 nomini
540 1331 638 1405 quarn
663 1304 880 1381 liuentissime
903 1304 1067 1393 dicamus,
1084 1322 1124 1380 nt
1140 1301 1208 1379 dia·

147 1427 277 1503 lectices
299 1426 437 1502 salebris
453 1445 486 1502 et
502 1428 659 1529 adspectu
678 1428 821 1503 horrido
842 1429 1022 1524 fatigatus,
1052 1426 1207 1531 quemad

148 1551 279 1626 modum
296 1549 351 1625 alii
368 1551 410 1626 ad
426 1549 527 1652 pilam
542 1579 593 1639 se,
619 1571 678 1627 aut
697 1551 738 1624 ad
757 1551 919 1640 calculos,
938 1565 995 1627 aut
1012 1551 1054 1625 ad
1070 1569 1208 1627 tesseras

148 1673 339 1762 conserunt3
358 1676 405 1749 sic
422 1692 478 1765 tu,
496 1692 652 1770 tanquam
667 1675 819 1765 feriatus,
839 1676 882 1750 ad
899 1703 1026 1750 carmen
1045 1694 1150 1779 poeta
1161 1676 1208 1750 le-

148 1798 290 1894 gendum
315 1797 443 1873 facilius
465 1798 606 1872 accedas.
632 1799 783 1872 Invenies
808 1816 846 1872 tu
869 1799 1001 1899 quidem
1019 1828 1103 1899 opus
1120 1800 1208 1873 varia

149 1918 389 2023 multiplicique
404 1920 559 1995 resectum
572 1919 740 2004 doctrina,
757 1917 891 2021 plenum
903 1920 1086 1996 adfectibus
1098 1938 1132 1994 et
1144 1922 1206 1995 nri-

150 2041 318 2116 seratione.

149 2429 192 2502 ll.
220 2427 463 2517 ClOFANl,
492 2429 899 2521 SULMONENSlS,
929 2433 1205 2510 PeAErtrto

298 2657 337 2714 tlt
353 2659 384 2713 P.
402 2656 521 2713 OVIDll
538 2656 686 2716 NASONIS
701 2656 827 2714 nenos
843 2657 891 2715 nt
905 2658 1044 2728 PONTO,

242 2815 441 2914 casaur
470 2847 721 2940 ιιιιιιιιιο
752 2846 1093 2915 saurauurssr.

198 3098 289 3116 .....
309 3045 442 3118 Aeeten
456 3070 514 3116 eos
531 3041 644 3117 Ovidii
662 3042 786 3133 libros,
804 3073 890 3146 quos
911 3045 952 3119 de
968 3045 1079 3120 Ponto
1095 3074 1113 3119 a
1131 3046 1206 3120 loco

150 3165 344 3268 adpellarit,
360 3196 379 3241 a
394 3195 446 3242 me
461 3183 606 3241 veterum
624 3168 855 3268 exemplarium
870 3197 933 3269 ope
949 3171 1156 3259 emendatos,
1175 3189 1209 3246 et

151 3290 436 3366 observatiombus
451 3289 671 3365 illustratos...
684 3292 734 3365 De
745 3291 868 3365 Ovidis
878 3310 985 3367 autem
1000 3294 1091 3394 ipso,
1103 3294 1208 3395 deque

151 3415 220 3512 ejus
236 3415 272 3487 in
282 3414 463 3515 pangendis
475 3413 676 3508 carminibus
687 3413 860 3503 felicitate,
879 3442 952 3515 qua
967 3416 1003 3487 in
1020 3443 1074 3505 eo,
1092 3434 1210 3492 natura

151 3562 259 3610 rernm
276 3537 423 3611 omniurn
440 3538 595 3634 magistra
611 3536 789 3636 adjutrice,
812 3535 947 3611 mirifice
972 3535 1099 3625 eluxit,
1127 3538 1210 3639 quid

149 3656 204 3732 bic
216 3659 494 3733 commemorem?
506 3658 587 3759 quid
599 3658 639 3733 de
654 3658 828 3745 facilitate,
847 3686 912 3759 qua
927 3658 1093 3760 quidquid
1103 3659 1215 3736 dicere

153 3782 307 3869 tentarit,
335 3779 498 3869 dilucide,
524 3807 629 3883 pure,
658 3797 771 3856 ornate
800 3781 1000 3882 copioseque
1027 3784 1212 3883 expressit,

150 3895 349 3990 enuntiarit,
368 3920 401 3977 et
417 3932 485 4003 quo
502 3900 623 3989 voluit,
642 3901 791 3978 inflexit?
815 3902 896 4003 quid
913 3902 953 3978 de
968 3903 1137 4004 pathetice
1154 3933 1213 4000 ge-

150 4033 247 4113 nere,
264 4026 300 4099 in
320 4054 388 4127 quo
401 4026 548 4099 omnium
559 4027 698 4099 maxime
715 4025 894 4100 excelluit?
910 4025 1048 4128 quidde
1064 4027 1211 4114 crebris,

150 4147 272 4248 quibus
288 4175 370 4222 usus
383 4166 455 4239 est,
475 4146 667 4236 sententiis,
685 4176 768 4249 quas
784 4176 910 4223 summa
926 4177 1002 4223 cum
1020 4148 1213 4224 dexteritate
1256 4177 1263 4186 ·

150 4286 183 4343 et
207 4268 369 4366 elegantia
392 4268 590 4372 explicavit?
607 4268 680 4344 Hos
695 4295 772 4344 vero
797 4267 921 4359 libros,
937 4268 973 4343 in
990 4269 1114 4371 quibus
1127 4268 1212 4343 nibil
