3159 5134
314 521 381 614 376
567 519 798 588 NOTITIA
823 520 1123 590 Ll‘rEttAltla

360 663 408 729 11.
425 661 1271 753 cammsmegynmmadcalmmnffiom,
1286 657 1380 752 quod

313 775 446 841 Lucano
461 771 503 838 ab
518 769 591 837 aliis
602 769 777 838 tribuitur.
794 769 884 839 Vide
898 826 908 864 ,
925 773 952 836 si
967 770 1092 862 placet,
1112 793 1185 862 qun
1199 769 1381 840 dictasunt

315 886 351 950 in
364 882 471 951 catu.
486 880 606 973 virgil.

340 1063 347 1074 ,
360 1010 426 1075 ΠΙ.
439 1006 561 1098 Elegia
572 1006 615 1073 de
627 1003 824 1088 Philomela,
842 1008 913 1075 aive
926 1006 968 1072 de
979 1005 1116 1074 vocibus
1127 1007 1238 1072 avium
1250 1029 1287 1071 ac
1297 1029 1381 1097 qna-

313 1112 522 1206 drupedum,
541 1125 575 1179 et
587 1111 714 1194 serbis,
733 1113 856 1204 quihus
877 1112 942 1180 illa
954 1111 1044 1205 aqud
1065 1112 1199 1178 Latinos
1214 1109 1379 1176 denotan-

314 1225 381 1291 lns.
403 1223 479 1290 Non
493 1220 608 1290 Ovidii
617 1271 628 1303 ,
644 1219 701 1288 sed
719 1224 923 1312 grammatici
938 1235 1109 1314 uteunque
1120 1222 1241 1288 veteris
1256 1220 1380 1287 Chris·

312 1331 395 1398 tiani
411 1352 480 1396 esse
495 1325 628 1394 videtur
646 1328 765 1396 Vossio
777 1328 842 1395 lih.
865 1329 883 1394 I
904 1327 1054 1396 devitiis
1068 1329 1229 1395 sermonis
1236 1376 1247 1409 ,
1262 1352 1290 1393 c.
1320 1323 1379 1410 143

314 1450 348 1504 et
363 1438 416 1503 III
432 1435 474 1503 de
491 1434 700 1517 Idololatria,
723 1462 755 1503 c.
774 1435 832 1529 49.
849 1437 974 1504 Confer
989 1439 1033 1504 A.
1056 1436 1187 1503 Schotti
1215 1434 1382 1501 Observa·

180 1585 184 1593 ·
314 1545 421 1610 tiones
436 1544 602 1625 Poeticas,
621 1535 698 1636 esp.
720 1545 776 1611 5².
802 1544 874 1613 Sub
889 1544 984 1613 Albis·
1001 1546 1113 1615 oveti&
1131 1544 1300 1612 luventini
1319 1563 1382 1607 no-

315 1651 405 1716 mine
430 1647 538 1715 edidit
559 1648 752 1732 Goldastus,
779 1649 927 1733 subjecta
951 1651 1033 1717 Julii
1058 1650 1189 1744 sperati
1214 1645 1383 1739 elegistis

317 1753 512 1822 Philomela.
531 1757 584 1824 De
600 1754 718 1826 eodem
740 1769 934 1848 argnmmto
951 1755 1175 1823 diatribamse
1196 1757 1380 1847 scripsisse,

197 1877 201 1886 '
316 1877 455 1932 testatus
476 1877 525 1933 est
548 1867 592 1932 Is.
619 1864 832 1932 casaubonus
860 1864 903 1931 ad
926 1866 1135 1933 Antoninum
1158 1866 1280 1932 Getam
1305 1862 1382 1930 AElii

316 1972 502 2065 Spartiani,
520 1997 585 2066 qua
600 1997 679 2066 opes
689 1975 814 2065 graecia
826 1975 861 2038 in
875 1973 972 2056 hujus
984 1976 1114 2063 generis
1129 1972 1295 2041 vocabulis
1307 1996 1383 2040 sum

315 2093 510 2175 paupertate
524 2085 683 2149 sermonis
697 2080 795 2154 latini
809 2104 877 2147 non
889 2083 1035 2173 segniter
1048 2085 1096 2148 sit
1112 2106 1147 2148 se
1163 2104 1381 2173 comparasse.

317 2191 396 2257 Haec
406 2189 591 2258 Cassuhoni
603 2175 745 2255 diatriba
757 2212 928 2282 nunquam
939 2190 1048 2257 lucem
1061 2188 1146 2257 vidit
1157 2188 1359 2283 quodetiam
1372 2215 1382 2256 t

317 2301 403 2368 sicut
418 2298 588 2366 intercidit
600 2299 826 2394 Theophrasti
840 2299 928 2367 liber
943 2305 1003 2384 supi
1017 2306 1180 2384 ἑτιροφωιίας
1191 2315 1242 2363 τῶν
1252 2306 1383 2383 ὁμογενῶν

319 2415 622 2486 commemoratus
641 2410 796 2490 Laertio,
811 2410 855 2490 V,
874 2410 962 2477 Sect.
980 2409 1044 2494 43,
1065 2424 1100 2478 et
1116 2411 1295 2492 Atheneo,
1313 2412 1381 2493 IX,

315 2539 390 2608 pag.
413 2517 497 2608 39⁰3
514 2514 572 2581 ubi
588 2537 626 2580 ex
637 2536 678 2581 eo
700 2514 824 2597 refert,
851 2514 1005 2608 perdices
1018 2517 1091 2583 aliis
1107 2520 1142 2584 in
1160 2516 1242 2584 locis
1258 2521 1385 2577 maas-

319 2639 390 2702 ζιιν,
407 2626 442 2690 in
463 2622 535 2690 aliis
549 2627 714 2699 amulcus.
733 2625 876 2690 Interim
891 2622 933 2693 de
956 2626 1091 2693 vocibus
1113 2626 1322 2707 animalium,
1350 2637 1386 2691 et

319 2733 360 2800 de
378 2733 505 2816 verbis,
528 2733 661 2826 quibus,
671 2734 727 2801 ille
743 2731 832 2825 apud
849 2734 982 2804 Graecos
995 2737 1198 2830 Latinosque
1215 2735 1382 2829 appellan-

317 2854 374 2909 tur
394 2840 519 2909 consuli
543 2854 681 2933 possunt
704 2840 819 2909 Joach.
845 2843 1054 2911 Camerarius
1081 2846 1117 2910 in
1143 2831 1407 2920 commentariis,

317 2952 495 3043 utriusque
517 2950 654 3041 linguas,
680 2975 754 3043 pag.
780 2954 841 3044 198
866 2977 936 3045 seq.
961 2955 1017 3021 Io.
1044 2956 1198 3024 Tentoria
1216 2950 1380 3034 Officins,

317 3084 392 3155 pag.
419 3063 483 3126 280
506 3083 597 3151 aeq.;
622 3059 730 3127 Anda.
748 3060 923 3145 schottus,
950 3065 997 3130 ΙΙ.
1024 3066 1087 3148 513
1110 3064 1284 3132 observat.
1311 3065 1384 3131 Hu-

316 3196 406 3239 msn.
427 3169 535 3237 Julius
558 3170 665 3237 Caesar
683 3170 887 3262 Bulengerus
907 3172 949 3239 ele
972 3178 1148 3243 venatione
1171 3175 1280 3256 cusi,
1307 3197 1379 3266 cap.

320 3304 361 3348 no
371 3331 381 3363 ,
399 3302 472 3372 pag.
492 3279 535 3371 76
548 3303 617 3372 seq.
635 3278 768 3347 Samuel
790 3281 971 3348 Bochsrtus
990 3285 1025 3348 in
1044 3280 1160 3350 limine
1175 3283 1379 3364 Hierosoici,

319 3404 353 3459 et
362 3390 458 3457 Frid.
470 3387 675 3456 Hofmsnnus
690 3392 725 3455 in
740 3391 1008 3483 Epigrammatis,
1022 3416 1094 3483 pag.
1112 3394 1172 3460 158
1184 3416 1255 3484 seq.
1269 3393 1384 3460 Graeea

318 3491 469 3592 qundam
482 3494 523 3563 de
536 3496 672 3563 vocibus
686 3498 877 3564 animalium
892 3500 1048 3566 vocabula
1063 3499 1162 3567 habea
1175 3499 1265 3592 apud
1278 3501 1385 3568 casa-

317 3608 408 3673 rium
423 3630 480 3698 qu.
509 3606 714 3688 LXXVIII,
740 3628 814 3697 pag.
835 3608 901 3672 218
926 3634 935 3675 z
960 3604 1061 3673 latina
1084 3605 1175 3700 apud
1197 3609 1385 3674 Ausonium

317 3716 433 3806 Epigr.
452 3715 610 3781 LXXVI.
630 3713 699 3782 Sed
718 3712 760 3780 de
784 3713 970 3794 vocabulis,
1000 3713 1121 3806 quibus
1137 3715 1243 3782 Graeci
1270 3728 1303 3782 et
1320 3716 1386 3781 La-

317 3826 399 3891 tini·
416 3845 509 3890 voces
522 3824 632 3890 avium
644 3835 677 3889 et
689 3821 830 3889 aliorum
840 3820 1030 3888 animalium
1043 3824 1248 3913 exprimunt,
1264 3835 1386 3913 praeter

319 3943 395 4000 ante
409 3929 573 4011 laudatos,
593 3942 627 3997 et
640 3928 822 4021 Apuleium
838 3931 873 3995 in
892 3927 1057 4010 Floridis,
1074 3931 1291 3996 Vincentium
1307 3928 1385 3996 Bel-

319 4038 525 4106 lovscensem
545 4039 667 4117 XXII,
686 4036 729 4123 ὃς
752 4036 886 4129 Speculi
911 4038 1068 4103 naturalis
1089 4061 1128 4102 ex
1148 4036 1235 4133 libro
1253 4039 1382 4128 Papira,

261 4317 271 4352 p
296 4305 300 4318 Ι
350 4247 358 4279 ¹
379 4240 1080 4314 Chaldaieavidsiu'l’argumsscuntlolihrisssther‚
1095 4258 1151 4310 cap.
1167 4262 1179 4295 1
1195 4250 1256 4297 eta.
