3159 5134
398 490 462 556 ET
490 485 906 558 DEDICATIONES.
1119 488 1184 555 323

169 696 175 707 ι
284 626 337 684 Seu
347 645 397 697 eqo
409 626 550 682 Fastorum
560 625 664 695 scripsi,
682 625 845 695 totidemque
854 622 971 693 libellos,

319 718 443 790 Cumque
452 738 501 773 suo
512 718 595 773 fiuem
605 738 695 774 mense
705 717 807 774 libellus
817 718 913 774 babet:

287 809 372 880 quue
385 821 431 864 tuo
441 828 527 878 nuper
537 811 662 879 scriptum
673 810 721 863 sub
732 810 857 876 nomine,
870 807 974 878 Cesar,

320 901 356 955 Et
368 900 415 954 tibi
425 910 556 954 sacratum
566 917 621 953 sors
632 918 691 953 meu
703 900 773 968 rupit
783 919 855 969 opus.

128 1045 175 1119 Es
190 1041 360 1145 scripsisse
379 1040 538 1117 Ovidium
551 1060 683 1116 constat
695 1069 783 1115 anno
799 1041 908 1141 primo
921 1043 973 1115 sui
985 1042 1091 1117 exsilii
1103 1072 1191 1120 nou·

130 1165 207 1240 dnm
224 1164 384 1264 impleto,
400 1182 440 1237 ut
454 1161 609 1237 facillime
625 1163 732 1265 quivis
749 1161 891 1258 diligens
908 1161 1013 1238 lector
1028 1165 1190 1258 inveniet3

132 1318 197 1391 quo
217 1306 364 1390 tempore
377 1286 460 1359 nibil
477 1286 544 1360 nisi
557 1284 667 1360 flebile
683 1315 701 1361 a
719 1314 754 1362 se
767 1287 926 1388 scriptum
942 1286 1063 1362 fatetur
1081 1315 1090 1361 ε
1110 1308 1168 1377 ut,

291 1456 418 1516 Carmina
427 1457 523 1528 scriptu
535 1458 600 1513 mibi
610 1469 673 1513 sunt
684 1458 770 1526 nulla,
781 1468 827 1512 aut
839 1458 925 1528 qualia
934 1460 1035 1528 uernis,

325 1548 413 1618 Dique
422 1548 463 1602 sui
474 1547 576 1601 domini
587 1559 718 1618 tempore,
730 1547 809 1618 digna
819 1548 885 1602 loco.

134 1695 294 1769 Ceterum
308 1691 398 1764 Naso
413 1689 576 1786 relegatus
592 1690 628 1763 in
644 1689 813 1776 Pontum,
837 1688 1002 1791 plerisque
1017 1691 1140 1768 additis
1156 1721 1195 1768 ac
1278 1689 1280 1694 ¹

136 1815 269 1890 mutatis
280 1851 295 1904 ,·
306 1814 474 1916 inscripsit
485 1814 549 1886 boc
566 1841 652 1914 opus
666 1840 735 1887 non
756 1812 914 1902 Tiberio,
932 1831 972 1887 ut
987 1815 1196 1910 docebimus,

137 1939 191 2015 sed
212 1937 430 2026 Germanico,
447 1936 551 2011 Drusi
567 1935 710 2039 privigni
724 1935 870 2031 Augusti
888 1935 959 2011 filio
970 1963 984 2025 ,·
996 1956 1035 2011 ut
1057 1940 1127 2038 ejus
1144 1942 1199 2014 in-

138 2063 334 2137 tercessione
349 2059 527 2162 aliquando
550 2077 804 2160 consequeretur
823 2059 950 2133 veniam
973 2059 1024 2134 vel
1048 2062 1198 2153 reditus,

139 2193 188 2269 rel
204 2191 312 2282 exsilii
326 2192 488 2280 mitioris3
517 2218 590 2292 que
616 2219 692 2293 spes
716 2218 790 2268 eum
811 2190 949 2267 fefellit:
973 2222 1057 2270 uum
1075 2214 1115 2270 ut
1130 2197 1201 2272 Au-

140 2334 275 2413 gustum
289 2313 522 2389 inexorabilem
540 2312 678 2403 habuit,
703 2314 749 2389 ita
762 2331 797 2389 et
808 2329 987 2416 postquam
1003 2315 1032 2391 is
1048 2316 1201 2394 humanis

139 2438 239 2514 rebus
253 2437 408 2526 excessit,
426 2464 494 2510 non
512 2434 703 2511 dissimilem
719 2436 890 2516 Tiberium
906 2456 1024 2514 nactus
1041 2456 1100 2512 est.
1124 2419 1204 2516 Fuit

141 2580 250 2637 autem
272 2560 502 2649 Germanicus,
515 2561 610 2635 ussit
622 2560 824 2651 Suetonius,
839 2595 857 2628 α
868 2562 1000 2657 ingenio
1011 2563 1047 2636 in
1060 2581 1203 2665 utroque

143 2719 161 2751 u
180 2683 377 2786 eloquentie
390 2682 613 2784 doctrinaque
625 2710 744 2780 genere
756 2684 970 2785 precellenti,
982 2703 1016 2761 et
1025 2687 1108 2761 adeo
1120 2686 1204 2764 lenis

145 2840 162 2872 n
180 2825 279 2908 atque
292 2804 469 2893 innoxius,
487 2822 528 2879 ut
542 2805 613 2903 ejus
625 2806 806 2882 virtutibus
818 2824 929 2881 motus
940 2807 1206 2902 Augustus,diu

146 2961 164 2993 »
183 2946 354 3006 cunctatus
361 2929 479 3015 fuerit,
494 2956 536 3001 an
550 2956 626 3003 eum
638 2929 704 3002 sibi
716 2928 838 3003 faceret
849 2957 1088 3021 successorem,
1105 2959 1205 3032 quem

150 3083 166 3114 n
186 3050 314 3126 demum
329 3049 554 3152 adoptandum
568 3050 706 3126 Tiberio
722 3051 823 3125 dedit.
841 3085 859 3118 »

179 3388 595 3464 BARTHOLOMAEI
620 3386 856 3461 MERULAE
880 3387 1177 3476 DEDICATIO

462 3579 554 3634 rnre
569 3576 694 3634 cusos
708 3559 900 3644 rursrrun',

429 3767 571 3809 sentuoso
587 3767 623 3808 sc
638 3766 731 3808 uocro
746 3735 942 3807 esocescsrrr

578 3906 782 3974 MARCO.

200 4065 385 4170 Pumcttt
402 4088 607 4177 somniem,
633 4113 730 4187 quum
752 4085 892 4186 primam
910 4085 1083 4188 quamdam
1098 4088 1210 4190 phito-

154 4215 300 4319 sophiam
315 4215 417 4291 fuisse
432 4214 590 4309 legimns,
608 4226 688 4284 sunt
703 4207 761 4309 qui
772 4208 960 4284 bocuostro
976 4239 1044 4284 evo
1053 4229 1208 4312 tauquam
