3159 5134
474 541 570 608 PER
594 542 627 607 J.
653 540 881 608 MASSON.
1146 540 1207 607 165

141 683 233 785 quod
250 709 337 783 opus
353 680 472 756 theatro
489 680 689 757 destinatum
700 682 834 769 luisse,
854 681 976 757 docent
998 682 1095 757 etiam
1111 709 1209 783 sope-

142 802 246 876 riores
261 828 343 875 vers.
361 796 383 872 3
399 817 433 874 et
447 801 470 891 4
485 830 492 872 :

306 946 367 1000 Hoc
378 963 483 1015 quoque
497 945 572 1013 jussit
584 947 686 999 Amor:
698 924 788 1014 procul
800 943 877 1012 hine,
890 945 981 1015 procul
992 956 1046 1000 este
1058 965 1154 1000 serere
1166 966 1173 1000 ε

339 1037 401 1091 Νοιι
413 1035 474 1090 estis
484 1034 581 1089 teneris
592 1047 664 1109 apta,
676 1039 788 1099 theatra,
805 1035 898 1090 modis.

193 1166 240 1239 V.
258 1167 310 1238 Ex
326 1162 391 1238 illis
407 1191 484 1237 vero
501 1162 645 1236 Nasonis
661 1162 820 1263 operibus
832 1162 952 1264 tragicis
968 1161 1119 1237 laudatur
1130 1192 1213 1264 pree·

145 1281 258 1354 sertim
273 1280 316 1354 ab
334 1278 480 1380 antiquis
495 1277 631 1362 Medea,
648 1278 688 1351 tle
703 1307 766 1379 qua
783 1296 899 1353 auctor
910 1277 1045 1374 Dialogi
1064 1281 1103 1352 de
1122 1282 1211 1354 Ora-

145 1399 276 1473 toribus
293 1429 301 1471 :
323 1431 340 1462 «
359 1398 449 1482 Nee,
468 1395 514 1469 ait
535 1404 557 1484 ¹,
574 1393 663 1469 ullus
680 1396 789 1469 Asinii
806 1414 863 1470 aut
881 1396 1030 1472 Messala
1045 1397 1211 1473 libertam

147 1547 165 1579 »
185 1510 325 1586 illustris
336 1528 402 1600 est,
416 1539 513 1612 quam
526 1511 822 1597 mensionum
834 1512 991 1586 autvarii
1003 1511 1174 1613 Thyestes.
1189 1545 1208 1579 »

145 1628 376 1727 Quintilianus
394 1638 407 1666 ²
426 1657 560 1729 quoque
577 1626 664 1702 idern
682 1655 768 1728 opus
784 1627 936 1703 extollit:
956 1663 974 1694 «
992 1632 1120 1706 ovmu
1133 1634 1212 1705 Mu-

147 1779 164 1810 »
185 1765 274 1834 ΒΕΑ,
299 1745 428 1846 inquit,
454 1744 585 1819 videtur
605 1744 688 1817 mibi
709 1744 881 1819 ostendere
905 1766 1065 1847 quantum
1082 1748 1132 1820 vir
1154 1745 1211 1821 ille

147 1895 165 1926 »
185 1879 341 1963 prestare
356 1860 520 1961 potuerit,
540 1860 569 1935 si
584 1859 719 1956 ingenio
742 1889 804 1934 suo
821 1877 1021 1961 temperare,
1042 1891 1138 1963 quam
1161 1863 1212 1936 in·

146 2010 165 2043 »
185 1976 322 2073 dulgere
340 1975 554 2051 maluisset.»
577 1976 790 2051 Recentiores
807 1976 1000 2051 omittimus.

553 2148 816 2170 mmm

295 2319 377 2373 Auno
387 2331 448 2375 ante
462 2318 530 2385 C.1;
541 2321 576 2375 U.
591 2319 754 2388 C.uccu11;
768 2320 858 2375 Ovidii
870 2337 927 2375 xm
937 2331 965 2375 et
977 2335 1054 2375 xnun

173 2460 298 2516 COSSO
314 2460 427 2520 CORN.
439 2461 633 2529 LENTULO,
648 2463 677 2516 L.
690 2460 913 2517 CALPURNIO
926 2460 1064 2518 PISONE
1076 2460 1178 2517 COSS.

193 2605 221 2675 l.
251 2604 349 2676 flue
375 2603 569 2676 citissimum
595 2632 683 2678 auno
715 2602 804 2675 veuit
829 2600 1101 2690 adscribendum,
1119 2602 1211 2702 quod

148 2719 291 2793 Ovidius
309 2718 393 2808 sibi,
414 2720 501 2795 edita
518 2721 584 2819 jam
601 2725 685 2795 Arte
701 2720 885 2805 Aruotou'u,
907 2720 1083 2815 obtigisse,
1103 2721 1210 2810 canit,

145 2838 247 2910 Trist.
265 2836 325 2911 lib.
342 2840 393 2924 ll,
409 2839 522 2911 Artem
539 2837 649 2925 illam,
665 2867 737 2939 quae
750 2838 915 2939 praecipua
928 2838 978 2912 sui
994 2838 1101 2912 exsilii
1115 2867 1210 2914 eausa

146 2950 334 3040 dicebatur,
351 2953 441 3054 apud
455 2955 646 3049 Augustum
662 2951 848 3041 vindicans,
869 2982 952 3027 vers.
973 2952 1152 3055 539-546:

310 3100 366 3153 Nos
376 3118 480 3168 quoque
489 3138 497 3165 ‚
502 3098 562 3165 jau
569 3101 665 3166 pridem
676 3099 772 3168 scripto
786 3101 948 3170 peccavimus
956 3119 1011 3153 uno
1021 3123 1029 3167 ;

344 3189 506 3259 Supplicium
517 3189 616 3259 patitur
626 3209 676 3242 non
687 3209 752 3242 nora
761 3194 838 3258 culpra
848 3208 965 3243 novum:

315 3280 493 3350 Carmiuaque
503 3283 644 3342 ediderant,
657 3299 739 3350 quum
751 3291 777 3334 te
788 3284 882 3335 delicta
892 3290 1034 3350 rotantem,

344 3375 459 3427 Praeterr'r'
467 3372 543 3428 toties
553 3373 612 3440 iure
625 3363 748 3442 3ἶμιὶειιιε
757 3392 839 3441 eques.

311 3464 400 3534 Ergo,
413 3483 471 3534 qua
476 3465 571 3530 literni
577 3467 642 3517 mr‘hr‘
651 3483 706 3517 non
718 3462 838 3518 nocitura
848 3462 937 3533 putavi

344 3555 447 3625 Su'ipta
457 3574 551 3625 parum
561 3554 691 3626 prudens,
702 3574 775 3610 nnnc
785 3574 900 3609 nocuere
911 3558 988 3610 reni?

314 3647 376 3700 Sera
388 3645 546 3699 redundavit
557 3652 647 3699 veteru
661 3644 774 3698 vindicta
785 3645 872 3698 libelli.

144 3802 220 3876 quae
236 3802 340 3875 quum
357 3772 420 3848 snb
438 3772 489 3847 sui
507 3770 613 3847 exsilii
628 3800 667 3845 ac
682 3771 759 3844 anni
776 3774 824 3844 U.
849 3772 886 3844 C.
913 3788 1069 3845 Docffltt
1092 3771 1215 3871 princi-

175 3949 185 3979 ¹
205 3944 244 3999 Ca
264 3987 270 3998 .
291 3945 329 3999 13.

175 4042 189 4070 ²
206 3966 290 4091 insliit.
301 4036 344 4092 lib.
357 4040 398 4104 Χ,
416 4057 472 4108 cap.
484 4041 500 4104 4
513 4058 521 4091 :
532 4037 583 4091 vid
595 4048 623 4091 et
633 4038 676 4092 lib.
689 4039 711 4086 V
715 4040 774 4104 111,
790 4051 845 4108 etp.
856 4041 879 4091 5.

175 4125 187 4159 ³
203 4127 292 4198 Vulgo
303 4126 400 4198 legitur
409 4133 569 4195 irrequietus,
588 4129 630 4182 vel
642 4129 723 4182 etiam
733 4127 762 4181 in
780 4128 838 4181 eod.
854 4127 930 4183 MSS
942 4132 1101 4199 irrequietus.
1113 4125 1213 4196 Lipsius

141 4233 208 4267 vero
218 4212 251 4267 de
264 4213 344 4267 Milit.
362 4214 441 4267 Rom.
457 4213 502 4267 lib.
513 4214 526 4267 1
538 4254 546 4281 ,
559 4213 661 4284 Dialog.
681 4230 711 4282 v,
731 4218 776 4267 ille
793 4221 905 4284 quietus,
927 4213 1068 4286 legendum
1086 4213 1215 4266 censebat.

144 4297 245 4352 Melius
256 4309 345 4369 postes
355 4299 387 4353 cl.
403 4297 460 4354 Nie.
473 4297 599 4354 Heinsius
608 4317 640 4352 ex
651 4298 733 4352 tribus
745 4297 858 4367 antiquis
871 4298 944 4353 MSS
949 4300 1009 4366 [τινα
1020 4303 1117 4368 pur‘etrrs
1125 4296 1216 4352 edidit.
