3159 5134
447 574 544 641 nnn
571 575 603 641 J.
635 551 862 642 lrnsson.
1130 599 1192 667 ηρ

284 713 364 770 Hanc
373 734 421 783 ego
431 719 525 771 nuuc
535 715 642 780 sedern,
655 724 684 769 lu
691 734 758 784 pace
768 715 864 784 parasti

755 807 768 822 Ιι

318 807 394 861 luter
404 811 440 860 bi,
451 812 541 875 poenos
552 825 612 861 usus
623 804 726 860 honore
738 825 814 859 orm.

124 920 179 994 nbi
196 921 381 1023 prasertim
399 920 663 1016 investigandum
686 949 835 1021 quanam
854 921 897 995 sit
915 920 974 994 illa
989 921 1097 1009 sedes,
1120 952 1194 1024 quae

123 1035 252 1110 inludis
270 1037 403 1123 eadem,
420 1036 476 1111 sed
490 1066 529 1111 ex
544 1036 636 1111 vario
650 1037 739 1135 jure,
759 1038 893 1138 utrique
909 1037 1055 1130 obtigit:
1070 1039 1194 1112 ovidio

123 1152 278 1226 nimirum
293 1153 385 1253 quod
399 1178 438 1225 ex
449 1152 620 1228 &manniri
630 1152 745 1239 luerit,
758 1151 852 1228 alteri
864 1181 942 1227 vero
956 1154 1093 1243 seniori,
1102 1157 1196 1255 quod

124 1266 214 1342 illam.
223 1268 334 1342 mit‘tia
349 1268 514 1344 meruerit
666 1339 670 1348 .

174 1409 201 1455 1.
228 1382 311 1457 Ideo
331 1383 497 1486 imprimis
515 1385 772 1470 observarent,
798 1384 905 1470 ludos,
934 1383 974 1458 de
989 1385 1116 1485 quibos
1130 1386 1197 1461 hoc

127 1496 195 1571 loco
210 1498 343 1592 agitur,
359 1496 472 1573 nullos
489 1526 560 1572 esse
575 1497 659 1573 alios
676 1516 894 1599 praeterquam
907 1499 1117 1599 Megalenses,
1138 1531 1196 1578 scu

127 1616 349 1717 Megalesium
362 1644 489 1709 magnae
503 1617 601 1690 matri
612 1617 755 1702 dicatos,
773 1616 814 1690 de
826 1616 950 1716 quibus
960 1616 1042 1693 solis
1054 1619 1197 1695 Ovidius

126 1751 197 1807 ante
213 1732 348 1806 locutus
365 1732 488 1819 luerat,
507 1749 540 1804 et
554 1758 696 1831 qnorum
713 1731 854 1831 proinde
866 1731 921 1805 illa
934 1732 998 1806 fuit
1014 1737 1102 1809 terlio
1114 1736 1190 1824 lux,

126 1847 187 1921 sire
206 1846 299 1935 dies,
320 1873 419 1945 quam
446 1872 534 1923 unns
562 1845 677 1938 tangit
705 1843 775 1916 Soli
804 1843 900 1920 etiarn
927 1844 964 1917 hi
988 1844 1060 1920 ludi
1084 1877 1195 1922 mense

124 1961 229 2064 Aprili
247 1979 326 2036 ante
346 1959 505 2044 Cereales,
524 1987 611 2060 quos
629 1962 719 2034 Naso
732 1959 878 2055 prostine
894 1978 972 2060 post
992 1962 1055 2035 hos
1073 1963 1196 2038 descri—
1290 2057 1294 2067 .

125 2079 190 2169 bit,
207 2109 271 2183 per
288 2078 400 2180 plures
412 2077 482 2152 dies
495 2078 631 2152 fuerunt
648 2075 820 2165 celebrati,
838 2077 978 2178 apridie
997 2079 1066 2154 scil.
1083 2084 1198 2158 Nonas

126 2194 200 2268 adv
217 2195 301 2270 ldus
317 2191 473 2294 Apriles,
490 2193 541 2268 uti
559 2220 598 2266 er
611 2191 812 2268 kalendariis
830 2202 838 2230 ¹
853 2193 1020 2267 veteribus
1035 2212 1146 2294 patet,
1161 2198 1197 2271 iu

126 2311 247 2410 quibus
255 2309 298 2383 ad
307 2308 393 2411 prid
408 2312 496 2381 Non.
512 2307 619 2410 April.
635 2309 840 2408 apponitur:
856 2311 951 2384 LUDI
963 2311 1081 2386 MATR.
1095 2315 1193 2389 MAG„

126 2423 172 2498 rel
188 2423 283 2498 Ludi
292 2423 515 2524 lllegalcsrirci,
538 2442 570 2496 et
584 2424 817 2525 producuntur
829 2423 871 2496 ad
886 2444 909 2494 v
926 2424 1022 2510 Idus,
1036 2429 1198 2527 appositis

125 2539 236 2615 iisdem
254 2538 445 2627 vocabulis,
466 2540 510 2613 ad
526 2539 684 2613 indicium
701 2538 800 2639 spatii
824 2539 970 2628 dierum,
995 2542 1118 2641 quibus
1141 2545 1196 2620 isti

126 2654 397 2728 continuarentur
412 2651 493 2726 ludi.

169 2774 288 2871 ltaque
303 2770 391 2845 ἰιτίία
405 2771 464 2844 [ιη
477 2770 559 2844 ludis
574 2770 661 2871 apud
680 2771 840 2846 Ovidium
859 2769 946 2844 idem
962 2790 1012 2846 est
1024 2800 1063 2844 ac
1079 2775 1196 2851 tertius

127 2883 194 2960 dies
211 2884 369 2959 ludorum
382 2884 642 2981 Megalensium,
661 2883 729 2962 sive
741 2903 809 2958 vul
825 2866 908 2957 liius
923 2884 1068 2984 Aprilis,
1085 2907 1145 2961 aut
1158 2908 1197 2964 tl

125 3000 249 3101 Aprilis
263 3001 353 3090 dies,
369 3030 438 3075 non
449 3030 527 3076 vero
541 3019 609 3074 Vlll
623 3000 769 3099 ejusdem
778 3001 918 3088 mensis,
935 3019 973 3076 ut
984 3001 1093 3077 doctis
1105 3034 1197 3078 com-

127 3114 280 3214 pluribus
296 3117 375 3190 rin's
392 3116 476 3190 male
492 3118 615 3204 visum,
635 3117 693 3217 qui
710 3116 889 3218 putabant,
908 3121 1025 3191 tertium
1042 3119 1137 3192 lucem
1152 3120 1194 3193 ab

126 3230 204 3332 ipsis
220 3233 326 3306 Nonis
339 3233 464 3307 Ovidio
476 3233 666 3334 supputant
682 3233 774 3334 quod
784 3249 834 3307 est
847 3250 968 3332 praeter
986 3234 1056 3332 ejus
1072 3236 1194 3309 verbo-

126 3376 195 3423 rum
211 3350 322 3423 fidem.

172 3493 204 3538 2.
235 3468 361 3541 Deinde
378 3469 584 3555 notandum,
603 3465 810 3563 Megalenses
823 3465 925 3539 hosce
941 3464 1039 3539 ludos
1056 3471 1193 3544 omnino

125 3584 252 3657 runicus
263 3582 384 3671 fnisse,
398 3601 501 3684 prout
512 3588 637 3658 Noster
647 3582 799 3684 superius
817 3580 1033 3672 indicaverat,
1043 3613 1090 3657 vs.
1106 3585 1193 3689 187:

286 3735 382 3789 Sem
392 3744 486 3800 sonat,
499 3732 605 3804 ludique
616 3742 727 3786 vocant:
739 3742 868 3800 spectate,
882 3731 1011 3799 Quirites.

126 3851 163 3923 ld
180 3851 299 3927 clarius
315 3853 424 3926 adhuc
440 3850 572 3940 Livius,
588 3848 648 3923 lib.
663 3851 828 3938 XXXVI,
846 3877 916 3950 cap.
937 3847 980 3937 3,
1000 3850 1118 3938 tradit,
1135 3853 1197 3927 nbi

126 3964 166 4038 de
178 3968 298 4041 Matris
309 3969 441 4062 Magna
450 3966 530 4040 aedis
541 3965 769 4040 dedicatione:
790 3965 1047 4050 «Lucernam,
1065 3964 1195 4066 inquit,

128 4113 145 4142 »
165 4080 264 4155 aedem
281 4082 464 4157 sariendam
488 4083 536 4155 M.
562 4080 692 4171 Livius,
712 4081 750 4152 C.
770 4077 931 4152 Claudius
950 4106 1124 4169 censores,
1144 4084 1192 4155 Μ.

158 4251 167 4281 ¹
186 4247 255 4302 Vide
268 4248 376 4304 Gruter.
388 4268 446 4320 pag.
461 4249 522 4316 1335
536 4247 659 4310 Lambeci
674 4245 828 4301 Commeat.
843 4244 876 4299 de
895 4244 962 4300 Cas.
981 4246 1048 4301 Bibl.
1062 4257 1125 4301 torn.
1143 4246 1192 4313 lv,
