3159 5134
431 545 496 610 ET
522 545 902 615 PRAEFATIONES.
1139 570 1206 638 299

299 679 468 754 Contingunt
479 682 563 740 mettis
575 682 644 739 dulci
658 683 779 755 flavoque
794 685 915 757 liquore,

261 833 266 848 Ι
298 773 338 827 Ut
348 792 492 843 puerorum
506 784 566 830 aetas
577 774 722 848 improvida
735 775 886 831 ludificetur

295 859 444 917 labrorum
456 876 548 932 teum,
561 865 662 920 interea
674 877 795 937 perpotet
807 886 927 921 amarum

298 953 422 1009 Atsiuttt
433 955 553 1022 laticem,
567 955 728 1027 deceptaque
740 975 794 1009 non
806 955 938 1026 capiatur,

298 1044 351 1100 set
362 1045 449 1115 potius
462 1045 505 1100 tali
518 1057 589 1101 tactu
602 1058 718 1103 recreata
730 1047 855 1102 valescat:

296 1137 340 1193 Sic
352 1157 402 1209 ego
415 1158 502 1206 nunc,
516 1140 642 1210 quoniam
656 1140 790 1194 laceratio
803 1139 957 1213 plerumque
970 1142 1074 1198 videtur

296 1228 411 1284 Tristior
421 1249 494 1295 esse,
509 1232 603 1301 quibus
615 1251 670 1285 non
683 1243 722 1286 est
734 1241 859 1297 tractata,
872 1243 996 1304 retroque

297 1317 397 1390 Volgus
408 1320 532 1376 abhorret
542 1315 575 1375 ab
588 1321 653 1389 hae,
666 1322 737 1376 volui
749 1322 797 1376 tihi
806 1322 996 1393 suaviloquenti

297 1409 424 1466 Carmine
436 1413 526 1468 Pierio
536 1411 667 1468 rationem
680 1432 811 1483 exponere
822 1424 938 1472 nostram
949 1454 957 1482 ,

295 1502 332 1558 Et
343 1504 415 1573 quasi
427 1504 525 1560 Museo
536 1503 605 1560 dulci
615 1508 768 1576 contingere
782 1505 878 1562 melle:

296 1593 326 1649 Si
338 1583 384 1649 tibi
395 1594 463 1664 sorte
476 1596 596 1649 animum
608 1595 652 1651 tali
664 1597 768 1650 ratione
779 1607 872 1651 tenere

295 1683 422 1739 Versibus
432 1686 461 1739 in
472 1686 569 1740 nostris
580 1706 682 1756 possem
696 1686 778 1750 :dum
793 1687 915 1756 perspicis
928 1706 1037 1741 omnem

296 1776 425 1831 Naturam
437 1795 545 1845 mrum,
558 1797 588 1831 ac
601 1778 728 1847 persentis
741 1778 889 1833 utilltatem.

134 1956 284 2034 Omnino
309 1983 379 2030 non
396 1954 561 2029 diversum
576 1954 642 2029 luit
657 1953 790 2032 illorum
805 1957 849 2032 ab
867 1958 931 2033 hoc
947 1959 1093 2034 Lucretii
1119 1988 1204 2036 con-

134 2070 208 2148 silio
222 2070 431 2158 institutum,
443 2071 479 2145 in
495 2069 754 2149 circumlinendo
769 2076 866 2175 qnasi
877 2102 1031 2150 versuum
1046 2075 1206 2152 suavitate

134 2205 166 2262 ct
182 2184 369 2262 fabularum
388 2183 582 2274 dulcedine,
610 2187 864 2268 amaritudinem
892 2187 1074 2289 discipline
1094 2217 1204 2268 rerum

134 2301 358 2378 difficiliomm
373 2331 381 2376 :
398 2330 466 2403 qno
481 2330 517 2377 se
529 2302 565 2377 id
576 2321 812 2382 consecuturos
825 2303 1008 2405 putabant,
1022 2321 1061 2380 ut
1077 2304 1205 2380 invitati
1298 2373 1301 2381 .

134 2419 313 2494 amborum
340 2418 547 2519 jucunditate
576 2419 745 2496 auditores
770 2419 930 2495 libentius
956 2420 1121 2498 discerent
1145 2449 1206 2510 ea,

133 2565 275 2638 qnorum
304 2535 443 2637 simplex
461 2552 495 2610 et
511 2535 679 2611 horridior
705 2536 841 2612 traditio
864 2565 1017 2614 aversnra
1043 2554 1114 2612 erat
1136 2537 1204 2616 ani·

132 2681 224 2742 mos,
243 2671 276 2730 et
291 2679 406 2728 rasura
423 2645 534 2740 aures,
552 2654 733 2754 presertim
751 2653 967 2731 delicatiores.
981 2653 1207 2752 Quemadmo-

133 2769 212 2844 dum
226 2770 312 2843 enim
327 2768 506 2870 inpletura
516 2768 785 2871 imaginibusque
799 2769 927 2845 colores
940 2770 1016 2872 plus
1028 2769 1204 2856 adficiunt,

134 2914 232 2987 quam
242 2884 450 2974 lineamenta,
460 2914 562 2986 quum
572 2904 712 2988 propter
719 2886 1206 2987 veritatisrepraesentationem,

135 3022 205 3082 tum
223 3030 301 3077 vero
314 3002 361 3078 oh
376 3000 511 3080 fallendi
528 3003 587 3104 qni
599 3002 663 3078 lros
676 3003 849 3076 intuentur
860 3001 1079 3103 aptitudinem
1094 3034 1102 3076 :
1115 3002 1161 3077 ita
1172 3002 1207 3078 in

135 3136 299 3224 poemate,
313 3117 519 3194 mendacium
529 3117 767 3220 probabilitate
774 3129 992 3220 temperatum
1000 3118 1106 3216 magis
1116 3147 1206 3193 com-

133 3256 264 3326 movet,
282 3237 475 3338 gratiusque
487 3255 538 3312 est
549 3235 711 3338 adparatu
723 3236 1209 3334 carminislabulaetfigmento

134 3354 295 3434 destituti.
315 3355 411 3456 Hane
428 3353 532 3452 igitur
544 3371 583 3427 ut
595 3354 736 3456 primam
750 3352 1028 3436 considerationis
1043 3354 1205 3455 antiquis-

135 3473 296 3548 simorum
319 3469 599 3574 philosophorum
622 3472 783 3566 rationem
809 3470 974 3550 exstitisse
993 3469 1113 3572 aliquis
1139 3499 1207 3546 non

136 3587 260 3662 frustra
276 3587 466 3689 putauerit3
491 3586 537 3660 ita
554 3603 674 3688 preter
689 3587 775 3664 hanc
787 3585 1005 3684 jucunditatis
1026 3585 1210 3660 commodi·

137 3719 253 3788 tatem,
272 3727 372 3801 quarn
382 3700 446 3774 snb
457 3698 642 3800 fabularum
654 3698 857 3792 involucris,
872 3718 1027 3802 tanquam
1039 3699 1102 3776 enh
1115 3728 1208 3802 pam·

134 3815 224 3917 pinis
245 3842 345 3902 uvas,
362 3813 566 3892 reconditam
584 3841 655 3892 etse
673 3831 823 3901 constat,
843 3814 997 3920 videntur
1011 3815 1095 3890 mihi
1108 3813 1211 3890 homi·

133 3961 192 4008 nes
203 3931 440 4034 sapientissimi
454 3934 551 4010 etiam
565 3931 760 4010 nonnullam
773 3932 945 4012 brevitatis
956 3932 992 4012 in
1004 3933 1208 4010 eolrabuisse

134 4050 315 4137 rationem,
333 4067 466 4153 utputa
483 4053 575 4152 ejus,
594 4079 691 4152 qnam
708 4052 953 4129 adducendum
969 4053 1108 4130 maxime
1122 4050 1211 4152 judi·

135 4185 249 4244 carent
272 4166 476 4269 adpositam,
494 4195 564 4246 non
586 4166 687 4242 modo
705 4185 848 4264 angusta
872 4196 981 4243 rerum
1002 4168 1210 4270 expositione

134 4280 257 4358 multas
270 4283 453 4364 senentio
463 4279 727 4384 complectendo,
737 4282 796 4358 sed
806 4281 902 4358 etiam
917 4283 1083 4360 memoria
1094 4310 1211 4385 quam·
