3159 5134
459 555 556 622 PER
580 555 613 621 J.
639 553 860 623 MAssort.
1128 580 1186 622 rur

126 713 237 768 catum
256 692 382 780 utitur,
401 711 601 794 conquestus
619 692 801 767 Domitiani
819 694 1004 795 prineipatu
1024 692 1191 795 delegatum

126 811 309 886 triumviris
323 811 516 884 mim‘sminn
530 869 538 895 ,
567 826 602 883 ut
614 826 806 884 rnooununto
817 810 1048 885 clarissinorum
1062 811 1193 912 ingemo-

130 957 195 1001 mm
213 929 248 1000 'in
270 927 387 1001 comite'o
407 955 445 1000 oc
465 926 554 1001 Foro
579 942 745 1002 urerentur.
774 932 856 1003 item
883 928 1005 1004 Seneca
1032 948 1125 1030 poter
1149 937 1188 1001 ¹:

132 1042 167 1116 Τ
166 1041 314 1116 nomenis
329 1069 406 1140 opus
422 1056 492 1126 est,
523 1042 661 1127 cornr'tr'o,
689 1044 849 1145 comffice,
875 1061 938 1117 etc.
957 1044 1127 1131 Tandem,
1151 1070 1193 1117 ue

129 1160 286 1260 pluribus
302 1157 460 1260 exemplis
478 1157 610 1232 taedium
626 1186 753 1246 creem,
772 1158 849 1233 Aut.
871 1157 1020 1248 Gellius,
1043 1160 1101 1234 lib.
1122 1164 1193 1248 lll,

130 1303 202 1375 cap.
219 1273 256 1362 3,
276 1292 401 1360 narrat,
419 1274 567 1348 Naevinm
583 1274 712 1349 sabulos
725 1275 758 1348 in
773 1303 899 1349 earcere
913 1276 994 1351 dnos
1003 1275 1192 1376 scripsisse,

129 1419 232 1491 quum
248 1391 279 1462 in
294 1389 419 1463 vrircnlo
431 1391 546 1464 Roma
559 1419 580 1464 o
595 1391 754 1464 trimnein's
765 1388 1009 1492 conjectus'esset.

178 1510 222 1580 ll.
240 1506 386 1580 Maxime
400 1534 501 1608 porro
511 1507 601 1579 venit
613 1505 869 1596 observandum,
885 1505 1054 1608 capitalem
1067 1505 1193 1579 huneee

131 1621 373 1696 triumviratnm
386 1640 513 1723 partem
529 1621 631 1697 fuisse
644 1622 901 1719 vigintiviratus,
918 1624 975 1724 qui
988 1623 1031 1696 ad
1045 1640 1193 1697 senatum

128 1757 194 1811 erat
222 1737 355 1833 gindus.
385 1737 425 1811 ld
453 1739 577 1839 optime
605 1768 666 1814 nos
691 1741 758 1814 Dio
783 1739 929 1814 ²docuit
946 1739 987 1813 ad
1006 1742 1125 1812 an.·U.
1152 1740 1191 1813 C.

130 1874 259 1931 ocem
282 1885 437 1945 narrans,
457 1857 546 1957 quod
565 1886 667 1958 qnnm
688 1858 875 1934 senatorius
900 1887 1017 1932 census
1041 1886 1134 1958 usque
1152 1856 1198 1931 od

129 1975 227 2049 decies
243 1977 409 2049 sestertium
428 1973 674 2074 ouctnssnisset,
695 2003 859 2074 nemoque
869 1975 941 2073 jam
956 1973 1096 2047 inveniri
1114 2001 1194 2073 pos-

129 2111 195 2181 set,
215 2093 277 2193 qui
294 2109 412 2193 sponte
430 2122 489 2167 sna
505 2110 637 2168 senator
653 2121 723 2167 esse
738 2091 857 2179 vellet,
886 2091 961 2165 ideo
979 2108 1194 2166 senatuscon-

130 2210 253 2285 sultum
272 2209 371 2284 suerit
390 2208 528 2298 factum,
550 2218 617 2293 τοὺς
638 2224 727 2286 tuone
749 2217 942 2304 καλουμένους
959 2214 1066 2308 ἄνδρας
1087 2217 1192 2285 ἐκτῶν

129 2319 237 2403 tentos
256 2332 496 2417 ἀποδείκνυσθαι,
516 2343 551 2402 ot
562 2330 616 2429 qui
626 2330 819 2403 vocabantur
839 2351 887 2403 xx
903 2329 967 2402 oiri
983 2356 1026 2402 ex
1046 2328 1192 2431 equitibus

128 2445 381 2519 constitnuantur.
403 2479 420 2508 «
437 2447 591 2540 Quorum
605 2445 722 2519 deinde
739 2443 853 2520 nullus
869 2446 904 2519 in
915 2463 1063 2519 senatum
1080 2463 1131 2520 est
1145 2443 1192 2518 al·

132 2593 149 2625 »
168 2557 689 2658 leetns,nisique1netiamaiium
701 2558 943 2654 magistratum,
954 2561 1048 2659 eujus
1065 2559 1192 2633 ratione

132 2710 149 2740 ν»
166 2694 299 2750 senator
313 2693 427 2776 posset
440 2674 529 2762 fieri,
553 2676 717 2771 gessisset.
738 2709 755 2739 »
781 2675 911 2750 Deinde
929 2677 986 2777 qui
1010 2676 1134 2751 fuerint
1155 2676 1190 2749 hi

131 2813 175 2865 xx
199 2791 261 2864 viri
279 2790 327 2864 sie
345 2791 508 2892 exponite
535 2826 552 2856 «
570 2795 616 2865 Et
630 2791 667 2864 hi
687 2813 735 2864 xx
752 2792 814 2864 viri
828 2792 906 2866 sacti
922 2791 1056 2866 suerunt
1066 2821 1110 2868 ‚ex
1125 2790 1193 2864 illis

129 2938 147 2970 »
167 2925 255 2980 xxvl
272 2904 370 2992 viris,
391 2906 425 2977 in
445 2905 567 3006 quibus
585 2924 679 2981 erant
698 2923 757 2981 tres
774 2907 835 2981 viri
851 2936 960 2981 rerum
976 2905 1187 3008 capituiium,

131 3055 150 3088 »
168 3021 272 3097 etalii
290 3037 351 3095 tres
363 3020 529 3118 signandae
543 3023 688 3123 pecunie
699 3024 870 3120 negotium
883 3040 1046 3120 gerentes,
1064 3039 1193 3124 quotuor

131 3168 149 3201 n
167 3136 293 3209 viarum
311 3136 513 3210 urbanamm
530 3155 715 3226 curatores,
731 3156 767 3212 et
779 3138 880 3212 decem
894 3138 1042 3239 judiciis,
1060 3166 1132 3239 qnae
1147 3137 1188 3210 ad
1219 3197 1222 3200 .

131 3288 148 3320 n
168 3254 391 3329 centumviros
408 3273 495 3329 sorte
511 3255 722 3343 deferrmtur,
743 3255 983 3356 preficiantur,
1001 3263 1048 3328 καὶ
1062 3263 1089 3328 οἱ
1104 3260 1187 3338 esa,

129 3404 146 3436 r
166 3382 196 3447 oi
212 3381 257 3446 ἐπὶ
268 3387 324 3447 τῶν
339 3376 525 3470 &momulus
541 3385 597 3444 τῶν
615 3379 645 3454 ἐς
662 3379 729 3454 τοὺς
744 3380 845 3447 ἑκατὸν
863 3376 969 3470 ἄνδρας
990 3379 1187 3472 κληρουμένων

128 3525 146 3555 »
163 3497 437 3586 ἀποδεικνύμενοι.»

172 3608 270 3681 Unde
281 3606 410 3708 liquido
423 3613 515 3707 pate't
526 3634 586 3707 per
598 3606 688 3679 hune
700 3606 934 3705 vrgintri‘r'rotnm
948 3607 1049 3681 fuisse
1063 3606 1187 3681 aditum

124 3724 164 3797 ad
180 3726 321 3825 majores
337 3725 372 3798 in
390 3743 506 3799 senatu
521 3723 687 3810 honores,
704 3724 754 3797 uti
770 3742 856 3797 reete
872 3724 1022 3825 Lipsius,
1042 3724 1189 3800 adhunc

122 3837 228 3912 Taciti
246 3838 258 3877 ³
277 3839 316 3913 de
333 3838 470 3913 Tiberio
483 3837 592 3912 locum
605 3836 754 3911 notavit:
772 3871 789 3901 »
807 3838 872 3911 Per
884 3837 969 3912 idem
985 3856 1116 3941 tempus
1128 3841 1190 3913 Ne

124 3986 143 4017 »
161 3982 302 4028 roneme
314 3952 427 4027 liberis
437 3954 624 4028 Germanici
634 3955 700 4054 jam
713 3954 896 4050 ingressum
909 3956 1090 4054 juventam,
1100 3985 1191 4031 com·

154 4157 163 4186 ¹
181 4152 237 4207 Lib.
252 4154 310 4220 111,
324 4151 451 4207 Controv·
466 4153 512 4220 15,
525 4152 574 4207 sub
585 4150 632 4204 fin.

153 4238 166 4267 ²
183 4235 238 4289 Lib.
250 4236 324 4302 LIV,
339 4254 395 4305 pag.
409 4236 442 4301 54
460 4276 466 4286 .

154 4315 166 4350 ³
182 4318 276 4372 Annat
290 4318 334 4372 tib.
345 4316 403 4384 111,
418 4336 472 4385 cap.
484 4334 523 4388 ²9·
