3159 5134
475 524 572 591 PER
596 525 628 590 J.
656 521 885 591 Messon.
1150 523 1213 590 adt

182 668 253 740 tv.
271 654 410 740 Mortuo
422 664 536 738 itidem
553 662 710 760 Augusto
724 665 849 738 Noster
861 690 901 737 es
914 662 1073 750 inseruit,
1087 690 1160 764 quae
1174 662 1220 736 le-

144 804 271 882 guntur
289 786 377 859 Fast
396 781 457 856 tib.
472 785 511 870 l,
536 781 598 856 nbi
609 799 710 882 poete
723 779 922 856 Carmentem
939 781 979 857 dc
992 782 1145 857 Romano
1156 781 1220 856 im-

143 899 237 1000 perio
255 898 487 973 vaticinantem
502 896 550 969 sic
564 894 724 969 inducito
739 920 823 970 vers.
846 894 912 969 531
932 924 940 969 t

311 1042 347 1099 Et
358 1062 440 1115 penes
450 1045 579 1112 Anguem
589 1034 681 1112 patrio
693 1039 775 1097 tutela
791 1040 927 1095 manebit:

342 1136 421 1190 Hauc
432 1134 471 1189 sas
481 1134 586 1205 imperii
597 1133 675 1188 [rena
685 1144 777 1189 tenere
789 1132 908 1187 domurn.

311 1226 379 1283 Inde
388 1245 465 1295 nepos
474 1218 603 1295 samue
612 1224 687 1292 Dur,
701 1223 761 1279 licet
770 1224 825 1296 ipse
836 1233 947 1289 musei,

343 1317 467 1373 Pondere
477 1317 572 1372 eaetesri
584 1328 675 1371 mente
686 1326 796 1387 paterna
809 1317 885 1371 seret.

192 1480 195 1484 ι
309 1408 401 1479 thue
413 1428 463 1479 ego
474 1408 608 1479 perpetuis
618 1409 681 1463 oiim
692 1408 813 1463 sacrabor
823 1407 851 1462 in
865 1409 932 1474 aris,

343 1500 389 1555 Sic
399 1502 538 1555 Ancum
549 1514 651 1554 novum
661 1500 747 1555 Juttu
760 1514 863 1553 numen
875 1501 933 1554 erit.

146 1647 184 1695 ex
203 1618 329 1721 quibus
341 1596 557 1720 perspicuum
570 1615 633 1705 fit,
652 1634 856 1718 quantopere
873 1615 913 1690 cl.
938 1615 1086 1692 Norisius
1104 1626 1113 1657 ¹
1129 1642 1218 1692 erra·

146 1736 254 1823 verit,
283 1735 362 1809 dnm
378 1732 547 1821 adseruit,
577 1732 737 1808 Ovidium
762 1732 856 1807 libros
884 1730 1053 1807 Fastorum
1079 1732 1217 1809 exsulem

17 1926 19 1929 ,
147 1854 317 1957 scripsisse,
334 1853 455 1927 virente
475 1849 578 1925 adhuc
601 1853 757 1953 Arsgusto.
774 1850 907 1925 Etenim
926 1858 971 1923 1⁰.
987 1874 1079 1950 nepos
1093 1851 1148 1927 ille
1159 1880 1216 1925 ua-

147 1985 253 2072 tesque
269 1966 340 2045 Dei
345 2027 355 2055 ,
380 1969 438 2070 qui
452 1966 530 2042 licet
547 1984 729 2055 recusaret,
757 1994 835 2042 mox
852 1984 961 2041 tamen
977 1964 1107 2068 imperii
1128 1995 1216 2070 pon-

148 2086 226 2161 dera
243 2083 340 2173 tulit,
356 2083 469 2158 nullus
484 2098 572 2159 certe
591 2080 674 2158 alius
691 2099 909 2186 praeterquam
924 2080 960 2156 T
956 2080 1086 2168 ibeniss,
1112 2080 1219 2183 adop·

148 2188 337 2303 tionefilius
353 2201 518 2297 Augusti,
533 2200 600 2299 jam
615 2196 710 2275 Diris
725 2198 952 2290 annumerati,
976 2226 1013 2273 ac
1030 2197 1106 2272 ideo
1126 2224 1218 2297 nepos

148 2321 231 2396 Julii
258 2318 416 2408 Casaris,
438 2318 526 2393 inter
549 2318 639 2392 Deos
653 2316 771 2419 ntique
793 2312 986 2392 consecrati.
1020 2314 1097 2419 Ipse
1119 2316 1219 2394 etiam

151 2436 313 2528 Tiberius,
334 2451 373 2508 nt
388 2436 524 2509 Tacitus
542 2445 555 2475 ²
574 2453 740 2522 testatur,
755 2433 912 2536 perplexa
928 2451 961 2509 et
983 2434 1125 2509 obscura
1144 2462 1219 2508 ora·

150 2554 240 2627 tione
258 2550 432 2652 imperium
448 2581 467 2625 a
485 2579 519 2625 se
536 2552 679 2652 primum
696 2551 829 2651 rejicere
846 2550 970 2639 voluit,
988 2579 1048 2625 nec
1065 2550 1098 2624 id
1115 2578 1149 2625 se
1166 2579 1220 2625 ac-

150 2671 259 2772 cipere
275 2664 460 2755 simularit,
476 2662 542 2743 nisi
559 2685 737 2769 postquam
753 2656 890 2769 senatus
900 2665 1055 2769 precibus
1068 2667 1216 2742 arsisset.

153 2782 255 2882 Quod
272 2798 306 2857 et
323 2778 501 2855 Suetonius
512 2781 629 2883 paucis
639 2778 783 2856 narravit
798 2780 810 2820 ³
825 2812 834 2855 ε
852 2815 868 2847 κ
887 2778 1134 2881 Principatum,
1149 2781 1218 2870 ait,

156 2934 172 2965 o
192 2900 345 3002 qnanwu
360 2925 469 3000 neque
486 2922 647 3001 occupare
663 2898 981 2999 confestim,neque
1004 2924 1099 2994 ogere
1122 2895 1222 2971 dubi-

156 3051 173 3083 »
195 3035 315 3121 tasset,
332 3035 366 3092 et
380 3016 525 3091 statione
541 3014 706 3106 militurn,
722 3017 787 3092 hoc
802 3034 875 3105 est,
886 3018 925 3090 ‘ri
939 3035 975 3091 et
993 3016 1102 3117 specie
1113 3015 1220 3089 domi-

157 3169 174 3203 »
191 3135 339 3210 nationis
364 3133 534 3224 adsumta,
556 3132 623 3212 diu
634 3150 743 3209 tamen
763 3142 962 3208 uttcttsn'vtr
979 3131 1091 3231 (NB.)
1107 3131 1221 3233 impu-

158 3285 175 3317 »
194 3249 390 3327 dentissimo
404 3249 534 3338 animo,
553 3268 615 3325 etc.
631 3283 649 3317 »
663 3248 895 3323 Velleinsrero
906 3248 999 3323 testie
1017 3270 1223 3322 metuerem

157 3395 216 3444 suo
228 3394 342 3454 mue,
359 3365 395 3439 id
409 3378 474 3455 est,
488 3364 689 3453 adulatorie,
708 3364 755 3440 sic
766 3363 885 3452 tradit,
903 3363 1115 3465 tib.11,csp.
1140 3367 1223 3456 124:

161 3516 177 3547 c
198 3484 274 3556 Una
299 3498 410 3555 tamen
430 3478 523 3555 velut
547 3479 686 3555 luctatio
703 3479 844 3554 civitatis
859 3478 940 3566 fotu
959 3477 1227 3579 pugnantiscurn

162 3631 179 3661 υ
198 3597 326 3671 cesare
349 3613 482 3670 senatus
499 3594 685 3699 populique
707 3593 913 3679 romani,.ut
926 3592 1064 3669 stationi
1079 3610 1224 3694 paterne
1272 3588 1275 3597 ⁴

162 3744 178 3777 o
197 3711 408 3786 succederet:
422 3709 532 3799 illius,
549 3729 589 3786 ut
600 3708 884 3815 potiusaequalem
896 3709 1016 3796 civem,
1032 3737 1132 3810 quarn
1145 3710 1227 3783 emi·
1355 3784 1358 3790 .

162 3862 179 3894 u
197 3846 331 3902 nentem
349 3826 463 3902 liceret
476 3852 571 3923 agere
588 3828 782 3931 principem.
797 3824 947 3900 Tandem
962 3826 1069 3921 magis
1083 3826 1227 3915 ratione,

164 3977 180 4008 »ν
200 3972 299 4046 quam
315 3943 445 4021 honore
462 3945 569 4019 victus
583 3963 634 4019 est
648 3974 656 4018 ι
672 3972 775 4045 quum
790 3942 956 4044 quidquid
979 3942 1139 4018 tuendum
1159 3971 1228 4019 non

195 4118 203 4149 ¹
222 4115 263 4170 De
276 4115 373 4171 Cenot.
385 4117 473 4171 Pisan.
485 4136 542 4189 pag.
555 4135 612 4170 aot.

194 4208 206 4239 ¹
223 4206 320 4261 nouat
329 4207 374 4261 lib.
384 4208 398 4262 l
409 4206 468 4261 init.

195 4297 206 4329 ³
223 4299 254 4352 lu
267 4298 328 4353 Tib.
340 4317 395 4367 cop.
410 4304 449 4365 ιζ,
