3159 5134
441 561 539 628 rer
563 557 596 627 r.
624 558 851 628 orossort.
1122 585 1183 654 107

112 699 243 786 tunica,
270 724 345 798 que
363 696 399 770 in
416 699 517 792 eloco,
536 718 602 773 tam
620 696 688 771 lato
707 726 807 799 quum
822 716 985 794 angusto,
1004 726 1186 799 purpuram

114 814 287 912 gestabat?
304 813 398 887 Licet
417 815 503 887 enim
522 814 671 889 nondum
691 816 780 888 inter
797 816 946 890 eruditos
963 815 1003 889 de
1024 817 1105 890 cloo’
1117 818 1188 891 lor·
1208 832 1222 868 0

114 961 165 1007 uta
183 942 191 972 ¹
214 931 430 1018 convenerit,
452 959 521 1004 uuo
549 947 658 1004 tamen
686 959 744 1004 ore
770 931 991 1020 confitentur,
1010 935 1189 1034 utrumque

117 1049 233 1125 closum
261 1047 366 1122 latum
392 1064 426 1121 et
450 1064 629 1143 augustum
650 1046 754 1121 fuisse
771 1075 987 1149 purpureum,
1015 1077 1052 1123 ac
1071 1050 1190 1124 tunicae

120 1163 295 1252 adsutum,
310 1162 361 1237 vel
376 1161 548 1236 intextum.

159 1282 281 1354 Oritur
291 1297 324 1354 et
332 1277 394 1353 alia
404 1280 543 1380 quaestio
554 1280 717 1355 exeodem
727 1282 872 1355 Nasonis
883 1305 991 1368 versu,
1003 1283 1063 1381 qul
1071 1306 1190 1381 nempe

118 1398 264 1498 potuerit
276 1415 409 1486 noster,
426 1395 559 1498 equestri
579 1414 707 1473 tautum
730 1399 890 1494 sangnine
911 1416 1127 1500 procreatos,
1143 1399 1190 1471 lo-

119 1518 264 1592 t‘clasiam
291 1515 427 1590 iuduere
455 1516 620 1603 tunicam,
645 1541 717 1616 qnae
739 1515 885 1588 senotmii
907 1514 1035 1588 ordinis
1062 1516 1193 1610 insigne

120 1635 238 1735 passim
264 1632 409 1705 habetur
431 1633 477 1704 ²?
503 1632 538 1705 Si
570 1631 765 1709 Manatum*
785 1619 979 1720 audiamus,
1013 1631 1190 1706 dicendum

120 1754 192 1840 erit,
214 1787 232 1817 «
253 1747 448 1827 laticlaviam
464 1750 611 1824 omnium
631 1751 749 1840 fuisse,
764 1751 822 1852 qui
838 1749 889 1823 vel
916 1768 1011 1850 patre
1026 1768 1190 1838 senatore,

122 1908 139 1939 s
158 1870 206 1946 rel
228 1870 341 1972 equite
357 1869 425 1943 nati
442 1885 568 1955 esseut;
586 1897 654 1943 nou
679 1870 812 1971 quidem
837 1897 856 1942 a
878 1868 995 1969 primis
1012 1870 1108 1943 annis
1135 1897 1195 1972 per

124 2020 140 2052 a
157 2013 291 2061 omnem
315 2000 464 2072 etatem,
484 1983 543 2056 sed
558 1984 600 2057 ab
617 2011 724 2070 enno,
744 2012 811 2084 quo
828 1980 932 2055 virilis
948 1999 1027 2076 toga
1048 1982 1196 2056 sumeba-

126 2135 142 2168 »
158 2121 232 2190 tur,
252 2101 294 2176 ad
307 2127 429 2174 anuum
448 2100 554 2175 atatis
571 2100 762 2188 senatoriae,
780 2130 849 2201 quo
866 2100 991 2174 curiam
1004 2084 1193 2196 ingredien-

126 2253 141 2283 υ
160 2220 252 2293 tibus
269 2214 459 2291 remanebat
475 2217 622 2316 ejusdem
641 2217 759 2290 tunice
773 2218 830 2316 jus
846 2246 854 2290 ε
871 2216 923 2290 sin
942 2235 1050 2291 autent
1068 2234 1195 2291 senato

127 2335 241 2409 »riam
262 2333 458 2430 dignitatem
482 2361 552 2407 uon
574 2332 857 2434 adsequerentur,
884 2333 935 2408 vel
952 2334 1030 2437 quia
1047 2333 1194 2422 nollent,

126 2483 143 2514 n
160 2449 210 2524 vel
237 2452 410 2552 quianon
434 2469 592 2552 possent,
618 2450 687 2525 lato
713 2451 805 2527 clavo
822 2452 997 2553 deposito,
1019 2468 1196 2548 angustum

126 2600 141 2632 »
158 2568 344 2643 sumebant.
364 2601 381 2633 »
401 2569 479 2642 Haec
499 2569 608 2644 omnia
625 2568 744 2642 doctus
765 2569 817 2642 vir
832 2568 918 2643 eruit
940 2596 980 2642 ex
996 2568 1061 2642 hoc
1081 2566 1194 2644 Ovidii

123 2681 209 2772 loco;
229 2684 289 2785 'qui
307 2702 415 2757 tamen
443 2668 515 2784 ejns
541 2684 735 2757 seutentiam
762 2683 908 2757 evincere
933 2683 1073 2784 nequit,
1091 2712 1194 2784 quum

123 2806 161 2879 ab
177 2803 330 2907 exemplo
348 2805 509 2900 singulari
526 2834 596 2877 non
609 2804 715 2880 valeat
730 2805 771 2878 ad
786 2805 959 2879 universos
972 2805 1100 2912 equites
1116 2835 1194 2879 con·
1263 2827 1265 2831 ’

124 2926 311 3026 sequeutia,
329 2942 428 3025 atque
447 2923 511 2997 alia
528 2923 638 3026 possit
652 2923 823 3020 adsignari
838 2952 936 2999 causa
961 2953 1020 2999 cur
1033 2942 1148 2999 noster
1161 2925 1194 2998 id

122 3039 172 3137 jos
186 3039 354 3117 habuerit.

172 3159 307 3259 Lipsius
320 3155 332 3195 ³
347 3185 424 3230 vero
435 3183 505 3229 rem
515 3154 896 3251 snicfiusintelligebat,
914 3185 1050 3231 censens
1067 3157 1195 3258 equites

126 3300 279 3348 romanos
294 3273 428 3350 illustres
444 3289 592 3359 tautum,
611 3273 668 3372 qui
683 3300 751 3346 uon
774 3272 909 3373 quidem
927 3292 1114 3360 senatores,
1139 3272 1196 3347 sed

127 3405 158 3460 et
173 3418 307 3464 censum
323 3388 493 3498 habebant
506 3406 541 3463 et
558 3413 649 3492 spem
666 3390 838 3464 senatoriae
857 3387 1048 3486 dignitatis,
1070 3390 1196 3466 ordinis

125 3505 221 3578 etiarn
237 3504 393 3580 senatorii
410 3503 559 3601 insigne,
577 3505 695 3596 idest,
712 3504 817 3579 latum
830 3503 956 3580 clavum
969 3522 1123 3601 gestasse.
1134 3508 1196 3581 Ve-

126 3648 197 3695 rum
213 3621 263 3697 vel
283 3650 321 3695 ex
339 3622 403 3696 hoc
420 3622 564 3698 Nasonis
582 3622 733 3724 exemplo
753 3623 964 3712 confutatur,
983 3622 1146 3722 siquidem
1162 3622 1198 3695 id

126 3738 221 3812 refert
235 3738 278 3812 ad
295 3740 505 3834 Augustum,
525 3738 584 3838 qui
599 3766 688 3812 auno
703 3741 746 3813 U.
765 3741 803 3813 C.
824 3755 967 3812 Dccxttl
983 3737 1088 3834 legem
1102 3737 1196 3824 tulit,

125 3870 162 3927 ut
178 3882 217 3929 ex
236 3853 426 3955 equitibus,
446 3854 590 3958 quinon
606 3853 719 3928 minus
736 3852 846 3930 decies
867 3856 1020 3928 sestertio
1042 3852 1197 3954 posside·

156 4012 166 4043 ¹
185 4010 248 4080 Qua
259 4010 292 4065 de
304 4030 333 4066 re
346 4011 510 4082 disputantes
520 4030 574 4082 prae
582 4011 697 4078 ceteris,
711 4010 770 4064 vide
781 4011 950 4080 Ferrarium,
968 4011 1001 4067 de
1012 4011 1052 4066 Re
1063 4013 1199 4082 vestiaria,

125 4091 168 4148 lib.
180 4094 305 4167 lll‚cap.
318 4118 366 4162 ης
384 4098 504 4152 Analect.
517 4118 572 4167 cap.
586 4097 661 4162 r,3;
677 4106 704 4149 et
715 4096 830 4149 Rubeni.
846 4096 926 4164 lib.l,
939 4115 994 4167 cap.
1012 4109 1141 4164 r,a,etc.

156 4180 170 4210 ²
185 4179 249 4233 vid.
260 4180 371 4236 Suetoru
386 4181 414 4235 in
429 4181 497 4253 Aug.
508 4201 564 4251 rap.
575 4182 623 4247 38,
637 4184 686 4253 qm
699 4179 728 4232 in
741 4178 802 4235 Tib.
813 4181 923 4251 cap.35;
936 4180 963 4234 in
978 4178 1071 4235 Claud.
1083 4200 1138 4250 cap.
1148 4183 1200 4246 πός

127 4259 195 4314 Ptin.
208 4261 279 4317 Hier.
290 4263 350 4318 Nat.
363 4263 407 4318 lib.
419 4261 560 4329 XXXIII,
573 4283 629 4334 cap.
642 4285 676 4330 a,
692 4272 739 4316 etc

157 4343 171 4378 ¹
188 4347 249 4403 Not.
263 4348 291 4401 in
305 4347 389 4404 Tacit.
403 4348 499 4403 Annal.
510 4347 552 4401 lib.
566 4349 626 4414 xl,
639 4364 695 4434 cap.
709 4349 733 4413 4.
