<?xml version="1.0" encoding="UTF-8"?>
<!DOCTYPE html PUBLIC "-//W3C//DTD XHTML 1.0 Transitional//EN"
    "http://www.w3.org/TR/xhtml1/DTD/xhtml1-transitional.dtd">
<html xmlns="http://www.w3.org/1999/xhtml" xml:lang="en" lang="en">
 <head>
  <title>
</title>
<meta http-equiv="Content-Type" content="text/html;charset=utf-8" />
  <meta name='ocr-system' content='tesseract 3.04.00' />
  <meta name='ocr-capabilities' content='ocr_page ocr_carea ocr_par ocr_line ocrx_word'/>
</head>
<body>
  <div class='ocr_page' id='page_1' title='image "./publiusovidiusn00giergoog/publiusovidiusn00giergoog_0555.png"; bbox 0 0 3159 5134; ppageno 0'>
   <div class='ocr_carea' id='block_1_1' title="bbox 287 499 1231 595">
    <p class='ocr_par' dir='ltr' id='par_1_1' title="bbox 287 499 1231 595">
     <span class='ocr_line' id='line_1_1' title="bbox 287 499 1231 595; baseline 0.007 -25"><span class='ocrx_word' id='word_1_1' title='bbox 287 502 359 570; x_wconf 82' lang='lat' dir='ltr'><strong>nn</strong></span> <span class='ocrx_word' id='word_1_2' title='bbox 392 499 645 588; x_wconf 63' lang='lat' dir='ltr'><strong>enmono</strong></span> <span class='ocrx_word' id='word_1_3' title='bbox 674 500 856 569; x_wconf 73' lang='lat' dir='ltr'><strong>vernn</strong></span> <span class='ocrx_word' id='word_1_4' title='bbox 885 501 1103 594; x_wconf 77' lang='lat' dir='ltr'><strong>nummo.</strong></span> <span class='ocrx_word' id='word_1_5' title='bbox 1164 509 1231 595; x_wconf 74' lang='lat'><strong>⁵45</strong></span> 
     </span>
    </p>
   </div>
   <div class='ocr_carea' id='block_1_2' title="bbox 93 643 1316 3388">
    <p class='ocr_par' dir='ltr' id='par_1_2' title="bbox 93 643 1316 3388">
     <span class='ocr_line' id='line_1_2' title="bbox 162 643 1233 727; baseline 0.006 -20"><span class='ocrx_word' id='word_1_6' title='bbox 162 667 217 707; x_wconf 90' lang='lat' dir='ltr'><strong>nec</strong></span> <span class='ocrx_word' id='word_1_7' title='bbox 232 643 308 706; x_wconf 86' lang='lat' dir='ltr'><strong>alind</strong></span> <span class='ocrx_word' id='word_1_8' title='bbox 322 643 476 727; x_wconf 87' lang='lat' dir='ltr'><strong>indigitent</strong></span> <span class='ocrx_word' id='word_1_9' title='bbox 491 655 596 725; x_wconf 73' lang='lat' dir='ltr'><strong>praeter</strong></span> <span class='ocrx_word' id='word_1_10' title='bbox 610 664 693 723; x_wconf 88' lang='lat' dir='ltr'><strong>qnam</strong></span> <span class='ocrx_word' id='word_1_11' title='bbox 705 643 784 723; x_wconf 84' lang='lat' dir='ltr'><strong>quod</strong></span> <span class='ocrx_word' id='word_1_12' title='bbox 796 643 873 705; x_wconf 87' lang='lat' dir='ltr'><strong>Galli</strong></span> <span class='ocrx_word' id='word_1_13' title='bbox 885 644 1016 706; x_wconf 81' lang='lat' dir='ltr'><strong>Grmetis</strong></span> <span class='ocrx_word' id='word_1_14' title='bbox 1025 646 1138 711; x_wconf 80' lang='lat' dir='ltr'><strong>vdcant</strong></span> <span class='ocrx_word' id='word_1_15' title='bbox 1149 652 1233 714; x_wconf 86' lang='lat' dir='ltr'><strong>Hanc</strong></span> 
     </span>
     <span class='ocr_line' id='line_1_3' title="bbox 160 748 1236 838; baseline 0.007 -27"><span class='ocrx_word' id='word_1_16' title='bbox 160 752 250 838; x_wconf 77' lang='lat' dir='ltr'><strong>igitur</strong></span> <span class='ocrx_word' id='word_1_17' title='bbox 262 750 471 812; x_wconf 75' lang='lat' dir='ltr'><strong>festinationem</strong></span> <span class='ocrx_word' id='word_1_18' title='bbox 483 770 593 825; x_wconf 86' lang='lat' dir='ltr'><strong>meam,</strong></span> <span class='ocrx_word' id='word_1_19' title='bbox 609 749 672 824; x_wconf 74' lang='lat' dir='ltr'><strong>sel,</strong></span> <span class='ocrx_word' id='word_1_20' title='bbox 690 748 715 810; x_wconf 89' lang='lat' dir='ltr'><strong>si</strong></span> <span class='ocrx_word' id='word_1_21' title='bbox 728 750 833 824; x_wconf 83' lang='lat' dir='ltr'><strong>mavis,</strong></span> <span class='ocrx_word' id='word_1_22' title='bbox 849 750 1034 814; x_wconf 74' lang='lat' dir='ltr'><strong>temeritatem</strong></span> <span class='ocrx_word' id='word_1_23' title='bbox 1047 752 1126 816; x_wconf 88' lang='lat' dir='ltr'><strong>lacile</strong></span> <span class='ocrx_word' id='word_1_24' title='bbox 1136 772 1236 834; x_wconf 85' lang='lat' dir='ltr'><strong>postea</strong></span> 
     </span>
     <span class='ocr_line' id='line_1_4' title="bbox 162 854 1235 939; baseline 0.007 -21"><span class='ocrx_word' id='word_1_25' title='bbox 162 856 276 930; x_wconf 85' lang='lat' dir='ltr'><strong>detexi,</strong></span> <span class='ocrx_word' id='word_1_26' title='bbox 291 879 381 938; x_wconf 86' lang='lat' dir='ltr'><strong>quum</strong></span> <span class='ocrx_word' id='word_1_27' title='bbox 400 856 521 917; x_wconf 87' lang='lat' dir='ltr'><strong>eundem</strong></span> <span class='ocrx_word' id='word_1_28' title='bbox 537 854 694 916; x_wconf 85' lang='lat' dir='ltr'><strong>Nummum</strong></span> <span class='ocrx_word' id='word_1_29' title='bbox 710 854 740 915; x_wconf 86' lang='lat' dir='ltr'><strong>in</strong></span> <span class='ocrx_word' id='word_1_30' title='bbox 757 857 831 919; x_wconf 83' lang='lat' dir='ltr'><strong>Gaza</strong></span> <span class='ocrx_word' id='word_1_31' title='bbox 844 857 1049 920; x_wconf 81' lang='lat' dir='ltr'><strong>Pemdrolu&#39;ano</strong></span> <span class='ocrx_word' id='word_1_32' title='bbox 1068 859 1235 939; x_wconf 85' lang='lat' dir='ltr'><strong>diligentius</strong></span> 
     </span>
     <span class='ocr_line' id='line_1_5' title="bbox 160 961 1236 1047; baseline 0.005 -22"><span class='ocrx_word' id='word_1_33' title='bbox 160 964 288 1027; x_wconf 77' lang='lat' dir='ltr'><strong>tractavi.</strong></span> <span class='ocrx_word' id='word_1_34' title='bbox 308 963 395 1023; x_wconf 86' lang='lat' dir='ltr'><strong>Unde</strong></span> <span class='ocrx_word' id='word_1_35' title='bbox 415 984 491 1023; x_wconf 89' lang='lat' dir='ltr'><strong>nunc</strong></span> <span class='ocrx_word' id='word_1_36' title='bbox 510 961 589 1022; x_wconf 89' lang='lat' dir='ltr'><strong>illurn</strong></span> <span class='ocrx_word' id='word_1_37' title='bbox 610 984 717 1024; x_wconf 86' lang='lat' dir='ltr'><strong>summa</strong></span> <span class='ocrx_word' id='word_1_38' title='bbox 732 962 787 1024; x_wconf 86' lang='lat' dir='ltr'><strong>fide</strong></span> <span class='ocrx_word' id='word_1_39' title='bbox 808 984 930 1047; x_wconf 83' lang='lat' dir='ltr'><strong>curaque</strong></span> <span class='ocrx_word' id='word_1_40' title='bbox 953 964 1122 1027; x_wconf 86' lang='lat' dir='ltr'><strong>delineatum</strong></span> <span class='ocrx_word' id='word_1_41' title='bbox 1141 967 1236 1030; x_wconf 87' lang='lat' dir='ltr'><strong>lecto-</strong></span> 
     </span>
     <span class='ocr_line' id='line_1_6' title="bbox 160 1068 1203 1152; baseline 0 -19"><span class='ocrx_word' id='word_1_42' title='bbox 160 1070 240 1133; x_wconf 90' lang='lat' dir='ltr'><strong>rihus</strong></span> <span class='ocrx_word' id='word_1_43' title='bbox 257 1069 400 1143; x_wconf 87' lang='lat' dir='ltr'><strong>exhibeo,</strong></span> <span class='ocrx_word' id='word_1_44' title='bbox 417 1082 449 1129; x_wconf 87' lang='lat' dir='ltr'><strong>ut</strong></span> <span class='ocrx_word' id='word_1_45' title='bbox 464 1068 533 1130; x_wconf 91' lang='lat' dir='ltr'><strong>mihi</strong></span> <span class='ocrx_word' id='word_1_46' title='bbox 548 1068 681 1131; x_wconf 87' lang='lat' dir='ltr'><strong>libentius</strong></span> <span class='ocrx_word' id='word_1_47' title='bbox 695 1070 871 1152; x_wconf 85' lang='lat' dir='ltr'><strong>praeteritum</strong></span> <span class='ocrx_word' id='word_1_48' title='bbox 885 1071 1053 1133; x_wconf 84' lang='lat' dir='ltr'><strong>condonent</strong></span> <span class='ocrx_word' id='word_1_49' title='bbox 1069 1086 1203 1135; x_wconf 87' lang='lat' dir='ltr'><strong>erratum.</strong></span> 
     </span>
     <span class='ocr_line' id='line_1_7' title="bbox 202 1173 1233 1260; baseline 0.009 -26"><span class='ocrx_word' id='word_1_50' title='bbox 202 1178 238 1237; x_wconf 84' lang='lat' dir='ltr'><strong>V.</strong></span> <span class='ocrx_word' id='word_1_51' title='bbox 262 1175 364 1237; x_wconf 84' lang='lat' dir='ltr'><strong>Nihilo</strong></span> <span class='ocrx_word' id='word_1_52' title='bbox 383 1187 477 1236; x_wconf 82' lang='lat' dir='ltr'><strong>tamen</strong></span> <span class='ocrx_word' id='word_1_53' title='bbox 497 1173 590 1237; x_wconf 77' lang='lat' dir='ltr'><strong>mium</strong></span> <span class='ocrx_word' id='word_1_54' title='bbox 609 1176 783 1237; x_wconf 81' lang='lat' dir='ltr'><strong>Possrorus</strong></span> <span class='ocrx_word' id='word_1_55' title='bbox 804 1198 969 1260; x_wconf 80' lang='lat' dir='ltr'><strong>cognomen</strong></span> <span class='ocrx_word' id='word_1_56' title='bbox 986 1177 1101 1257; x_wconf 75' lang='lat' dir='ltr'><strong>ipsimet</strong></span> <span class='ocrx_word' id='word_1_57' title='bbox 1115 1180 1233 1242; x_wconf 81' lang='lat' dir='ltr'><strong>Vnrnro</strong></span> 
     </span>
     <span class='ocr_line' id='line_1_8' title="bbox 159 1280 1233 1357; baseline 0.004 -11"><span class='ocrx_word' id='word_1_58' title='bbox 159 1283 270 1357; x_wconf 81' lang='lat' dir='ltr'><strong>luisse,</strong></span> <span class='ocrx_word' id='word_1_59' title='bbox 291 1304 326 1342; x_wconf 86' lang='lat' dir='ltr'><strong>ex</strong></span> <span class='ocrx_word' id='word_1_60' title='bbox 346 1281 407 1342; x_wconf 88' lang='lat' dir='ltr'><strong>aliis</strong></span> <span class='ocrx_word' id='word_1_61' title='bbox 426 1293 539 1343; x_wconf 86' lang='lat' dir='ltr'><strong>constat</strong></span> <span class='ocrx_word' id='word_1_62' title='bbox 556 1280 713 1356; x_wconf 83' lang='lat' dir='ltr'><strong>Nummis,</strong></span> <span class='ocrx_word' id='word_1_63' title='bbox 736 1283 767 1343; x_wconf 90' lang='lat' dir='ltr'><strong>in</strong></span> <span class='ocrx_word' id='word_1_64' title='bbox 786 1284 883 1346; x_wconf 77' lang='lat' dir='ltr'><strong>eadem</strong></span> <span class='ocrx_word' id='word_1_65' title='bbox 907 1284 977 1346; x_wconf 90' lang='lat' dir='ltr'><strong>urhe</strong></span> <span class='ocrx_word' id='word_1_66' title='bbox 991 1284 1124 1346; x_wconf 75' lang='lat' dir='ltr'><strong>Caesarea</strong></span> <span class='ocrx_word' id='word_1_67' title='bbox 1148 1288 1233 1350; x_wconf 84' lang='lat' dir='ltr'><strong>ensis.</strong></span> 
     </span>
     <span class='ocr_line' id='line_1_9' title="bbox 160 1388 1235 1473; baseline 0.002 -20"><span class='ocrx_word' id='word_1_68' title='bbox 160 1392 264 1453; x_wconf 88' lang='lat' dir='ltr'><strong>Unum</strong></span> <span class='ocrx_word' id='word_1_69' title='bbox 278 1389 308 1450; x_wconf 91' lang='lat' dir='ltr'><strong>id</strong></span> <span class='ocrx_word' id='word_1_70' title='bbox 321 1409 412 1472; x_wconf 87' lang='lat' dir='ltr'><strong>genus</strong></span> <span class='ocrx_word' id='word_1_71' title='bbox 428 1389 495 1449; x_wconf 76' lang='lat' dir='ltr'><strong>AEr.</strong></span> <span class='ocrx_word' id='word_1_72' title='bbox 510 1388 595 1467; x_wconf 85' lang='lat' dir='ltr'><strong>primi</strong></span> <span class='ocrx_word' id='word_1_73' title='bbox 611 1390 721 1451; x_wconf 89' lang='lat' dir='ltr'><strong>moduli</strong></span> <span class='ocrx_word' id='word_1_74' title='bbox 737 1391 947 1473; x_wconf 81' lang='lat' dir='ltr'><strong>inspiciendum</strong></span> <span class='ocrx_word' id='word_1_75' title='bbox 967 1392 1036 1452; x_wconf 91' lang='lat' dir='ltr'><strong>mihi</strong></span> <span class='ocrx_word' id='word_1_76' title='bbox 1053 1393 1176 1471; x_wconf 80' lang='lat' dir='ltr'><strong>praehuit</strong></span> <span class='ocrx_word' id='word_1_77' title='bbox 1191 1395 1235 1455; x_wconf 84' lang='lat' dir='ltr'><strong>rir</strong></span> 
     </span>
     <span class='ocr_line' id='line_1_10' title="bbox 161 1494 1235 1580; baseline 0.004 -24"><span class='ocrx_word' id='word_1_78' title='bbox 161 1498 209 1560; x_wconf 67' lang='grc' dir='ltr'><strong>(ΖΙ.</strong></span> <span class='ocrx_word' id='word_1_79' title='bbox 223 1496 326 1569; x_wconf 81' lang='lat' dir='ltr'><strong>Mede,</strong></span> <span class='ocrx_word' id='word_1_80' title='bbox 344 1494 550 1577; x_wconf 88' lang='lat' dir='ltr'><strong>Ultrajectinus</strong></span> <span class='ocrx_word' id='word_1_81' title='bbox 564 1494 630 1577; x_wconf 90' lang='lat' dir='ltr'><strong>qui,</strong></span> <span class='ocrx_word' id='word_1_82' title='bbox 648 1495 714 1555; x_wconf 90' lang='lat' dir='ltr'><strong>dum</strong></span> <span class='ocrx_word' id='word_1_83' title='bbox 730 1495 855 1568; x_wconf 63' lang='lat' dir='ltr'><strong>viveret,</strong></span> <span class='ocrx_word' id='word_1_84' title='bbox 873 1498 1019 1557; x_wconf 88' lang='lat' dir='ltr'><strong>scientiam</strong></span> <span class='ocrx_word' id='word_1_85' title='bbox 1035 1521 1150 1580; x_wconf 86' lang='lat' dir='ltr'><strong>quoque</strong></span> <span class='ocrx_word' id='word_1_86' title='bbox 1164 1501 1235 1560; x_wconf 90' lang='lat' dir='ltr'><strong>Nu-</strong></span> 
     </span>
     <span class='ocr_line' id='line_1_11' title="bbox 159 1599 1236 1688; baseline 0 -23"><span class='ocrx_word' id='word_1_87' title='bbox 159 1601 343 1666; x_wconf 90' lang='lat' dir='ltr'><strong>mismaticam</strong></span> <span class='ocrx_word' id='word_1_88' title='bbox 361 1599 481 1660; x_wconf 86' lang='lat' dir='ltr'><strong>colebat.</strong></span> <span class='ocrx_word' id='word_1_89' title='bbox 499 1599 544 1659; x_wconf 93' lang='lat' dir='ltr'><strong>llli</strong></span> <span class='ocrx_word' id='word_1_90' title='bbox 560 1622 608 1677; x_wconf 87' lang='lat' dir='ltr'><strong>par</strong></span> <span class='ocrx_word' id='word_1_91' title='bbox 621 1611 680 1660; x_wconf 89' lang='lat' dir='ltr'><strong>erat</strong></span> <span class='ocrx_word' id='word_1_92' title='bbox 693 1620 777 1680; x_wconf 88' lang='lat' dir='ltr'><strong>quem</strong></span> <span class='ocrx_word' id='word_1_93' title='bbox 794 1600 922 1660; x_wconf 76' lang='lat' dir='ltr'><strong>Goltzius</strong></span> <span class='ocrx_word' id='word_1_94' title='bbox 935 1604 990 1683; x_wconf 86' lang='lat' dir='ltr'><strong>jam</strong></span> <span class='ocrx_word' id='word_1_95' title='bbox 1007 1602 1116 1664; x_wconf 72' lang='lat' dir='ltr'><strong>(ludum¹</strong></span> <span class='ocrx_word' id='word_1_96' title='bbox 1130 1606 1236 1688; x_wconf 81' lang='lat' dir='ltr'><strong>vulga-</strong></span> 
     </span>
     <span class='ocr_line' id='line_1_12' title="bbox 157 1703 1252 1789; baseline 0.003 -18"><span class='ocrx_word' id='word_1_97' title='bbox 157 1721 238 1773; x_wconf 82' lang='lat' dir='ltr'><strong>verat</strong></span> <span class='ocrx_word' id='word_1_98' title='bbox 249 1723 276 1783; x_wconf 92' lang='lat'><strong>¹,</strong></span> <span class='ocrx_word' id='word_1_99' title='bbox 293 1708 362 1768; x_wconf 91' lang='lat' dir='ltr'><strong>hinc</strong></span> <span class='ocrx_word' id='word_1_100' title='bbox 381 1728 446 1765; x_wconf 89' lang='lat' dir='ltr'><strong>eum</strong></span> <span class='ocrx_word' id='word_1_101' title='bbox 463 1705 588 1782; x_wconf 70' lang='lat' dir='ltr'><strong>Augusti</strong></span> <span class='ocrx_word' id='word_1_102' title='bbox 601 1705 691 1781; x_wconf 86' lang='lat' dir='ltr'><strong>capite</strong></span> <span class='ocrx_word' id='word_1_103' title='bbox 710 1703 793 1765; x_wconf 88' lang='lat' dir='ltr'><strong>undo</strong></span> <span class='ocrx_word' id='word_1_104' title='bbox 813 1705 865 1765; x_wconf 89' lang='lat' dir='ltr'><strong>hac</strong></span> <span class='ocrx_word' id='word_1_105' title='bbox 880 1707 1031 1789; x_wconf 77' lang='lat' dir='ltr'><strong>epigraphe</strong></span> <span class='ocrx_word' id='word_1_106' title='bbox 1049 1731 1056 1767; x_wconf 91' lang='lat'><strong>:</strong></span> <span class='ocrx_word' id='word_1_107' title='bbox 1076 1723 1252 1774; x_wconf 50' lang='grc' dir='ltr'><strong>οΥΗΙΔΙοΣΧ</strong></span> 
     </span>
     <span class='ocr_line' id='line_1_13' title="bbox 93 1809 1236 1899; baseline 0 -19"><span class='ocrx_word' id='word_1_108' title='bbox 93 1822 97 1825; x_wconf 84' lang='grc'><strong>’</strong></span> <span class='ocrx_word' id='word_1_109' title='bbox 158 1827 323 1880; x_wconf 75' lang='lat' dir='ltr'><strong>munros</strong></span> <span class='ocrx_word' id='word_1_110' title='bbox 337 1823 537 1874; x_wconf 77' lang='lat' dir='ltr'><strong>uarssrsnu.</strong></span> <span class='ocrx_word' id='word_1_111' title='bbox 555 1809 641 1870; x_wconf 80' lang='lat' dir='ltr'><strong>Illinc</strong></span> <span class='ocrx_word' id='word_1_112' title='bbox 653 1832 717 1870; x_wconf 82' lang='lat' dir='ltr'><strong>eum</strong></span> <span class='ocrx_word' id='word_1_113' title='bbox 732 1813 834 1892; x_wconf 75' lang='lat' dir='ltr'><strong>tempto</strong></span> <span class='ocrx_word' id='word_1_114' title='bbox 844 1824 912 1873; x_wconf 80' lang='lat' dir='ltr'><strong>octo</strong></span> <span class='ocrx_word' id='word_1_115' title='bbox 924 1814 1121 1876; x_wconf 80' lang='lat' dir='ltr'><strong>columnarum</strong></span> <span class='ocrx_word' id='word_1_116' title='bbox 1132 1817 1236 1899; x_wconf 79' lang='lat' dir='ltr'><strong>hisque</strong></span> 
     </span>
     <span class='ocr_line' id='line_1_14' title="bbox 158 1912 1235 2006; baseline -0.001 -20"><span class='ocrx_word' id='word_1_117' title='bbox 158 1921 327 1988; x_wconf 81' lang='lat' dir='ltr'><strong>nominibus</strong></span> <span class='ocrx_word' id='word_1_118' title='bbox 348 1941 355 1976; x_wconf 73' lang='grc' dir='ltr'><strong>ι</strong></span> <span class='ocrx_word' id='word_1_119' title='bbox 376 1912 582 1979; x_wconf 78' lang='lat' dir='ltr'><strong>usnanuroa</strong></span> <span class='ocrx_word' id='word_1_120' title='bbox 613 1931 800 1979; x_wconf 78' lang='lat' dir='ltr'><strong>narrssror</strong></span> <span class='ocrx_word' id='word_1_121' title='bbox 825 1919 967 1995; x_wconf 79' lang='lat' dir='ltr'><strong>similem,</strong></span> <span class='ocrx_word' id='word_1_122' title='bbox 987 1923 1083 2003; x_wconf 80' lang='lat' dir='ltr'><strong>quoad</strong></span> <span class='ocrx_word' id='word_1_123' title='bbox 1102 1937 1235 2006; x_wconf 74' lang='lat' dir='ltr'><strong>caputet</strong></span> 
     </span>
     <span class='ocr_line' id='line_1_15' title="bbox 158 2022 1232 2112; baseline 0.007 -27"><span class='ocrx_word' id='word_1_124' title='bbox 158 2032 308 2112; x_wconf 67' lang='lat' dir='ltr'><strong>rempham,</strong></span> <span class='ocrx_word' id='word_1_125' title='bbox 327 2026 358 2085; x_wconf 92' lang='lat' dir='ltr'><strong>in</strong></span> <span class='ocrx_word' id='word_1_126' title='bbox 376 2044 432 2085; x_wconf 75' lang='lat' dir='ltr'><strong>aere</strong></span> <span class='ocrx_word' id='word_1_127' title='bbox 451 2022 590 2083; x_wconf 86' lang='lat' dir='ltr'><strong>mediocri</strong></span> <span class='ocrx_word' id='word_1_128' title='bbox 608 2044 693 2106; x_wconf 92' lang='lat' dir='ltr'><strong>penes</strong></span> <span class='ocrx_word' id='word_1_129' title='bbox 710 2024 870 2106; x_wconf 84' lang='lat' dir='ltr'><strong>insignem,</strong></span> <span class='ocrx_word' id='word_1_130' title='bbox 888 2049 975 2107; x_wconf 88' lang='lat' dir='ltr'><strong>quum</strong></span> <span class='ocrx_word' id='word_1_131' title='bbox 995 2029 1025 2087; x_wconf 93' lang='lat' dir='ltr'><strong>in</strong></span> <span class='ocrx_word' id='word_1_132' title='bbox 1047 2026 1118 2090; x_wconf 86' lang='lat' dir='ltr'><strong>vivis</strong></span> <span class='ocrx_word' id='word_1_133' title='bbox 1134 2044 1232 2107; x_wconf 88' lang='lat' dir='ltr'><strong>esset,</strong></span> 
     </span>
     <span class='ocr_line' id='line_1_16' title="bbox 158 2128 1230 2213; baseline 0 -16"><span class='ocrx_word' id='word_1_134' title='bbox 158 2147 349 2198; x_wconf 76' lang='lat' dir='ltr'><strong>mercatorem</strong></span> <span class='ocrx_word' id='word_1_135' title='bbox 370 2128 607 2208; x_wconf 79' lang='lat' dir='ltr'><strong>Londiuensem,</strong></span> <span class='ocrx_word' id='word_1_136' title='bbox 632 2130 750 2191; x_wconf 88' lang='lat' dir='ltr'><strong>nomine</strong></span> <span class='ocrx_word' id='word_1_137' title='bbox 767 2130 899 2203; x_wconf 64' lang='lat' dir='ltr'><strong>Lautum</strong></span> <span class='ocrx_word' id='word_1_138' title='bbox 925 2133 975 2213; x_wconf 87' lang='lat' dir='ltr'><strong>qui</strong></span> <span class='ocrx_word' id='word_1_139' title='bbox 991 2155 1057 2194; x_wconf 89' lang='lat' dir='ltr'><strong>eum</strong></span> <span class='ocrx_word' id='word_1_140' title='bbox 1080 2156 1113 2196; x_wconf 81' lang='lat' dir='ltr'><strong>ex</strong></span> <span class='ocrx_word' id='word_1_141' title='bbox 1135 2136 1230 2212; x_wconf 71' lang='lat' dir='ltr'><strong>Astis,</strong></span> 
     </span>
     <span class='ocr_line' id='line_1_17' title="bbox 157 2235 1291 2327; baseline 0.004 -26"><span class='ocrx_word' id='word_1_142' title='bbox 157 2248 315 2324; x_wconf 71' lang='lat' dir='ltr'><strong>nsymaoe</strong></span> <span class='ocrx_word' id='word_1_143' title='bbox 329 2236 471 2298; x_wconf 79' lang='lat' dir='ltr'><strong>attulerat.</strong></span> <span class='ocrx_word' id='word_1_144' title='bbox 491 2236 598 2296; x_wconf 81' lang='lat' dir='ltr'><strong>Verum</strong></span> <span class='ocrx_word' id='word_1_145' title='bbox 624 2235 654 2294; x_wconf 85' lang='lat' dir='ltr'><strong>in</strong></span> <span class='ocrx_word' id='word_1_146' title='bbox 681 2257 718 2297; x_wconf 80' lang='lat' dir='ltr'><strong>eo</strong></span> <span class='ocrx_word' id='word_1_147' title='bbox 738 2250 927 2300; x_wconf 67' lang='lat' dir='ltr'><strong>{tartaream</strong></span> <span class='ocrx_word' id='word_1_148' title='bbox 948 2239 1036 2301; x_wconf 82' lang='lat' dir='ltr'><strong>modo</strong></span> <span class='ocrx_word' id='word_1_149' title='bbox 1062 2240 1230 2327; x_wconf 75' lang='lat' dir='ltr'><strong>tegebatur,</strong></span> <span class='ocrx_word' id='word_1_150' title='bbox 1284 2298 1291 2304; x_wconf 89' lang='lat'><em>.</em></span> 
     </span>
     <span class='ocr_line' id='line_1_18' title="bbox 159 2341 1316 2431; baseline -0.003 -18"><span class='ocrx_word' id='word_1_151' title='bbox 159 2349 271 2413; x_wconf 74' lang='lat' dir='ltr'><strong>caeteris</strong></span> <span class='ocrx_word' id='word_1_152' title='bbox 289 2343 391 2407; x_wconf 88' lang='lat' dir='ltr'><strong>litteris</strong></span> <span class='ocrx_word' id='word_1_153' title='bbox 408 2342 527 2403; x_wconf 89' lang='lat' dir='ltr'><strong>omuino</strong></span> <span class='ocrx_word' id='word_1_154' title='bbox 543 2341 664 2403; x_wconf 85' lang='lat' dir='ltr'><strong>detritis.</strong></span> <span class='ocrx_word' id='word_1_155' title='bbox 679 2343 766 2403; x_wconf 85' lang='lat' dir='ltr'><strong>Unde</strong></span> <span class='ocrx_word' id='word_1_156' title='bbox 779 2356 823 2403; x_wconf 88' lang='lat' dir='ltr'><strong>est</strong></span> <span class='ocrx_word' id='word_1_157' title='bbox 838 2345 915 2427; x_wconf 89' lang='lat' dir='ltr'><strong>quod</strong></span> <span class='ocrx_word' id='word_1_158' title='bbox 927 2357 1044 2423; x_wconf 86' lang='lat' dir='ltr'><strong>postea,</strong></span> <span class='ocrx_word' id='word_1_159' title='bbox 1063 2372 1151 2431; x_wconf 85' lang='lat' dir='ltr'><strong>quum</strong></span> <span class='ocrx_word' id='word_1_160' title='bbox 1161 2353 1232 2411; x_wconf 87' lang='lat' dir='ltr'><strong>Nu·</strong></span> <span class='ocrx_word' id='word_1_161' title='bbox 1311 2344 1316 2355; x_wconf 59' lang='lat'><strong>¹</strong></span> 
     </span>
     <span class='ocr_line' id='line_1_19' title="bbox 156 2446 1231 2526; baseline 0.001 -9"><span class='ocrx_word' id='word_1_162' title='bbox 156 2454 314 2518; x_wconf 83' lang='lat' dir='ltr'><strong>mismatica</strong></span> <span class='ocrx_word' id='word_1_163' title='bbox 326 2448 465 2511; x_wconf 67' lang='lat' dir='ltr'><strong>meanis</strong></span> <span class='ocrx_word' id='word_1_164' title='bbox 477 2446 602 2524; x_wconf 77' lang='lat' dir='ltr'><strong>supellex</strong></span> <span class='ocrx_word' id='word_1_165' title='bbox 616 2447 646 2508; x_wconf 89' lang='lat' dir='ltr'><strong>in</strong></span> <span class='ocrx_word' id='word_1_166' title='bbox 656 2449 849 2526; x_wconf 80' lang='lat' dir='ltr'><strong>potentissimi</strong></span> <span class='ocrx_word' id='word_1_167' title='bbox 860 2451 940 2512; x_wconf 89' lang='lat' dir='ltr'><strong>ducis</strong></span> <span class='ocrx_word' id='word_1_168' title='bbox 954 2455 1110 2515; x_wconf 71' lang='lat' dir='ltr'><strong>heronis</strong></span> <span class='ocrx_word' id='word_1_169' title='bbox 1126 2457 1231 2518; x_wconf 80' lang='lat' dir='ltr'><strong>Gazam</strong></span> 
     </span>
     <span class='ocr_line' id='line_1_20' title="bbox 156 2553 1230 2641; baseline 0 -15"><span class='ocrx_word' id='word_1_170' title='bbox 156 2563 315 2635; x_wconf 75' lang='lat' dir='ltr'><strong>transiret,</strong></span> <span class='ocrx_word' id='word_1_171' title='bbox 333 2576 466 2618; x_wconf 86' lang='lat' dir='ltr'><strong>nummus</strong></span> <span class='ocrx_word' id='word_1_172' title='bbox 483 2553 537 2614; x_wconf 91' lang='lat' dir='ltr'><strong>iste</strong></span> <span class='ocrx_word' id='word_1_173' title='bbox 553 2553 641 2616; x_wconf 85' lang='lat' dir='ltr'><strong>inerit</strong></span> <span class='ocrx_word' id='word_1_174' title='bbox 655 2555 801 2640; x_wconf 89' lang='lat' dir='ltr'><strong>neglectus</strong></span> <span class='ocrx_word' id='word_1_175' title='bbox 815 2601 824 2631; x_wconf 92' lang='lat'><strong>,</strong></span> <span class='ocrx_word' id='word_1_176' title='bbox 842 2580 894 2619; x_wconf 86' lang='lat' dir='ltr'><strong>nee</strong></span> <span class='ocrx_word' id='word_1_177' title='bbox 909 2559 1028 2637; x_wconf 87' lang='lat' dir='ltr'><strong>amplius</strong></span> <span class='ocrx_word' id='word_1_178' title='bbox 1043 2583 1107 2623; x_wconf 90' lang='lat' dir='ltr'><strong>eum</strong></span> <span class='ocrx_word' id='word_1_179' title='bbox 1120 2577 1230 2641; x_wconf 87' lang='lat' dir='ltr'><strong>potue-</strong></span> 
     </span>
     <span class='ocr_line' id='line_1_21' title="bbox 156 2660 1229 2744; baseline 0.002 -12"><span class='ocrx_word' id='word_1_180' title='bbox 156 2670 211 2732; x_wconf 93' lang='lat' dir='ltr'><strong>rim</strong></span> <span class='ocrx_word' id='word_1_181' title='bbox 229 2667 335 2729; x_wconf 89' lang='lat' dir='ltr'><strong>ibidem</strong></span> <span class='ocrx_word' id='word_1_182' title='bbox 347 2661 480 2741; x_wconf 88' lang='lat' dir='ltr'><strong>reperire.</strong></span> <span class='ocrx_word' id='word_1_183' title='bbox 497 2660 609 2723; x_wconf 83' lang='lat' dir='ltr'><strong>Idcirco</strong></span> <span class='ocrx_word' id='word_1_184' title='bbox 624 2661 760 2723; x_wconf 85' lang='lat' dir='ltr'><strong>affirmare</strong></span> <span class='ocrx_word' id='word_1_185' title='bbox 775 2685 908 2744; x_wconf 80' lang='lat' dir='ltr'><strong>nequeo,</strong></span> <span class='ocrx_word' id='word_1_186' title='bbox 925 2667 1042 2729; x_wconf 88' lang='lat' dir='ltr'><strong>eandem</strong></span> <span class='ocrx_word' id='word_1_187' title='bbox 1058 2668 1086 2730; x_wconf 91' lang='lat' dir='ltr'><strong>in</strong></span> <span class='ocrx_word' id='word_1_188' title='bbox 1104 2670 1179 2743; x_wconf 86' lang='lat' dir='ltr'><strong>isto,</strong></span> <span class='ocrx_word' id='word_1_189' title='bbox 1196 2696 1229 2735; x_wconf 90' lang='lat' dir='ltr'><strong>ac</strong></span> 
     </span>
     <span class='ocr_line' id='line_1_22' title="bbox 154 2767 1228 2854; baseline 0.002 -16"><span class='ocrx_word' id='word_1_190' title='bbox 154 2777 188 2838; x_wconf 89' lang='lat' dir='ltr'><strong>iu</strong></span> <span class='ocrx_word' id='word_1_191' title='bbox 198 2775 337 2837; x_wconf 82' lang='lat' dir='ltr'><strong>Modiuno</strong></span> <span class='ocrx_word' id='word_1_192' title='bbox 347 2782 377 2831; x_wconf 92' lang='lat' dir='ltr'><strong>et</strong></span> <span class='ocrx_word' id='word_1_193' title='bbox 388 2767 692 2843; x_wconf 79' lang='lat' dir='ltr'><strong>GoltziunoNummo,</strong></span> <span class='ocrx_word' id='word_1_194' title='bbox 704 2770 877 2853; x_wconf 81' lang='lat' dir='ltr'><strong>epigraphen</strong></span> <span class='ocrx_word' id='word_1_195' title='bbox 889 2772 995 2833; x_wconf 88' lang='lat' dir='ltr'><strong>circum</strong></span> <span class='ocrx_word' id='word_1_196' title='bbox 1003 2789 1086 2852; x_wconf 88' lang='lat' dir='ltr'><strong>caput</strong></span> <span class='ocrx_word' id='word_1_197' title='bbox 1097 2779 1228 2854; x_wconf 86' lang='lat' dir='ltr'><strong>primitus</strong></span> 
     </span>
     <span class='ocr_line' id='line_1_23' title="bbox 154 2873 1227 2966; baseline 0.007 -24"><span class='ocrx_word' id='word_1_198' title='bbox 154 2884 321 2966; x_wconf 84' lang='lat' dir='ltr'><strong>impressam</strong></span> <span class='ocrx_word' id='word_1_199' title='bbox 335 2875 435 2946; x_wconf 75' lang='lat' dir='ltr'><strong>finisse,</strong></span> <span class='ocrx_word' id='word_1_200' title='bbox 451 2873 497 2936; x_wconf 83' lang='lat' dir='ltr'><strong>rel</strong></span> <span class='ocrx_word' id='word_1_201' title='bbox 511 2875 606 2956; x_wconf 87' lang='lat' dir='ltr'><strong>potius</strong></span> <span class='ocrx_word' id='word_1_202' title='bbox 620 2875 744 2936; x_wconf 83' lang='lat' dir='ltr'><strong>hancce:</strong></span> <span class='ocrx_word' id='word_1_203' title='bbox 763 2890 923 2938; x_wconf 74' lang='lat' dir='ltr'><strong>nnuman</strong></span> <span class='ocrx_word' id='word_1_204' title='bbox 941 2892 1139 2945; x_wconf 72' lang='grc' dir='ltr'><strong>ΚΑΙΣΔΡΕΩΝ.</strong></span> <span class='ocrx_word' id='word_1_205' title='bbox 1159 2887 1227 2949; x_wconf 87' lang='lat' dir='ltr'><strong>Hoc</strong></span> 
     </span>
     <span class='ocr_line' id='line_1_24' title="bbox 155 2979 1227 3069; baseline 0.005 -19"><span class='ocrx_word' id='word_1_206' title='bbox 155 3001 235 3052; x_wconf 81' lang='lat' dir='ltr'><strong>certe</strong></span> <span class='ocrx_word' id='word_1_207' title='bbox 252 2984 341 3048; x_wconf 89' lang='lat' dir='ltr'><strong>modo</strong></span> <span class='ocrx_word' id='word_1_208' title='bbox 363 3001 394 3042; x_wconf 91' lang='lat' dir='ltr'><strong>se</strong></span> <span class='ocrx_word' id='word_1_209' title='bbox 415 2979 538 3063; x_wconf 82' lang='lat' dir='ltr'><strong>legisse,</strong></span> <span class='ocrx_word' id='word_1_210' title='bbox 559 2981 605 3043; x_wconf 67' lang='grc' dir='ltr'><strong>(ΖΙ.</strong></span> <span class='ocrx_word' id='word_1_211' title='bbox 627 2982 819 3063; x_wconf 73' lang='lat' dir='ltr'><strong>Spunhmm&#39;us</strong></span> <span class='ocrx_word' id='word_1_212' title='bbox 841 2995 981 3059; x_wconf 87' lang='lat' dir='ltr'><strong>testatur,</strong></span> <span class='ocrx_word' id='word_1_213' title='bbox 1005 2986 1078 3047; x_wconf 88' lang='lat' dir='ltr'><strong>circa</strong></span> <span class='ocrx_word' id='word_1_214' title='bbox 1103 2993 1227 3069; x_wconf 76' lang='lat' dir='ltr'><strong>ignotum</strong></span> 
     </span>
     <span class='ocr_line' id='line_1_25' title="bbox 157 3087 1228 3183; baseline 0.011 -31"><span class='ocrx_word' id='word_1_215' title='bbox 157 3104 244 3177; x_wconf 83' lang='lat' dir='ltr'><strong>caput</strong></span> <span class='ocrx_word' id='word_1_216' title='bbox 265 3093 297 3163; x_wconf 79' lang='lat' dir='ltr'><strong>in</strong></span> <span class='ocrx_word' id='word_1_217' title='bbox 321 3087 459 3149; x_wconf 86' lang='lat' dir='ltr'><strong>anteriori</strong></span> <span class='ocrx_word' id='word_1_218' title='bbox 481 3107 543 3146; x_wconf 88' lang='lat' dir='ltr'><strong>arca</strong></span> <span class='ocrx_word' id='word_1_219' title='bbox 564 3089 684 3148; x_wconf 88' lang='lat' dir='ltr'><strong>Nummi</strong></span> <span class='ocrx_word' id='word_1_220' title='bbox 705 3091 773 3150; x_wconf 87' lang='lat' dir='ltr'><strong>aerei</strong></span> <span class='ocrx_word' id='word_1_221' title='bbox 803 3092 905 3169; x_wconf 87' lang='lat' dir='ltr'><strong>(inter</strong></span> <span class='ocrx_word' id='word_1_222' title='bbox 930 3095 1061 3171; x_wconf 80' lang='lat' dir='ltr'><strong>praeclara</strong></span> <span class='ocrx_word' id='word_1_223' title='bbox 1086 3099 1228 3183; x_wconf 80' lang='lat' dir='ltr'><strong>Augustae.</strong></span> 
     </span>
     <span class='ocr_line' id='line_1_26' title="bbox 159 3192 1228 3280; baseline 0.005 -17"><span class='ocrx_word' id='word_1_224' title='bbox 159 3199 317 3266; x_wconf 74' lang='lat' dir='ltr'><strong>christinae</strong></span> <span class='ocrx_word' id='word_1_225' title='bbox 333 3192 480 3268; x_wconf 87' lang='lat' dir='ltr'><strong>cimelia),</strong></span> <span class='ocrx_word' id='word_1_226' title='bbox 498 3194 576 3274; x_wconf 85' lang='lat' dir='ltr'><strong>eujus</strong></span> <span class='ocrx_word' id='word_1_227' title='bbox 595 3215 688 3253; x_wconf 81' lang='lat' dir='ltr'><strong>aversa</strong></span> <span class='ocrx_word' id='word_1_228' title='bbox 704 3218 767 3276; x_wconf 87' lang='lat' dir='ltr'><strong>pars</strong></span> <span class='ocrx_word' id='word_1_229' title='bbox 781 3198 857 3258; x_wconf 89' lang='lat' dir='ltr'><strong>idem</strong></span> <span class='ocrx_word' id='word_1_230' title='bbox 872 3201 1009 3277; x_wconf 88' lang='lat' dir='ltr'><strong>templum</strong></span> <span class='ocrx_word' id='word_1_231' title='bbox 1025 3202 1152 3280; x_wconf 78' lang='lat' dir='ltr'><strong>serebat,</strong></span> <span class='ocrx_word' id='word_1_232' title='bbox 1174 3208 1228 3269; x_wconf 89' lang='lat' dir='ltr'><strong>iis-</strong></span> 
     </span>
     <span class='ocr_line' id='line_1_27' title="bbox 157 3297 1227 3388; baseline 0.004 -17"><span class='ocrx_word' id='word_1_233' title='bbox 157 3309 224 3371; x_wconf 89' lang='lat' dir='ltr'><strong>dem</strong></span> <span class='ocrx_word' id='word_1_234' title='bbox 237 3305 342 3388; x_wconf 88' lang='lat' dir='ltr'><strong>pariter</strong></span> <span class='ocrx_word' id='word_1_235' title='bbox 351 3297 472 3382; x_wconf 82' lang='lat' dir='ltr'><strong>integris</strong></span> <span class='ocrx_word' id='word_1_236' title='bbox 482 3297 662 3361; x_wconf 84' lang='lat' dir='ltr'><strong>nominihus:</strong></span> <span class='ocrx_word' id='word_1_237' title='bbox 675 3314 880 3366; x_wconf 68' lang='lat' dir='ltr'><strong>Menestheos</strong></span> <span class='ocrx_word' id='word_1_238' title='bbox 890 3319 1082 3370; x_wconf 62' lang='lat' dir='ltr'><strong>utramuis</strong></span> <span class='ocrx_word' id='word_1_239' title='bbox 1094 3312 1227 3377; x_wconf 87' lang='lat' dir='ltr'><strong>Eundem</strong></span> 
     </span>
    </p>
   </div>
   <div class='ocr_carea' id='block_1_3' title="bbox 159 3499 1230 3834">
    <p class='ocr_par' dir='ltr' id='par_1_3' title="bbox 159 3499 1230 3834">
     <span class='ocr_line' id='line_1_28' title="bbox 192 3499 1227 3579; baseline -0.016 0"><span class='ocrx_word' id='word_1_240' title='bbox 192 3513 202 3544; x_wconf 85' lang='lat'><strong>¹</strong></span> <span class='ocrx_word' id='word_1_241' title='bbox 220 3509 254 3563; x_wconf 76' lang='lat'><strong>1¹¹</strong></span> <span class='ocrx_word' id='word_1_242' title='bbox 269 3505 338 3575; x_wconf 52' lang='lat'><strong>3⁸¹8·</strong></span> <span class='ocrx_word' id='word_1_243' title='bbox 350 3501 415 3555; x_wconf 54' lang='grc' dir='ltr'><strong>Τὼ·</strong></span> <span class='ocrx_word' id='word_1_244' title='bbox 429 3501 477 3570; x_wconf 83' lang='lat'><strong>75,</strong></span> <span class='ocrx_word' id='word_1_245' title='bbox 496 3518 523 3552; x_wconf 82' lang='lat'><strong>¹¹·</strong></span> <span class='ocrx_word' id='word_1_246' title='bbox 538 3499 585 3567; x_wconf 69' lang='lat'><strong>²32</strong></span> <span class='ocrx_word' id='word_1_247' title='bbox 600 3502 639 3568; x_wconf 57' lang='lat'><strong>²4</strong></span> <span class='ocrx_word' id='word_1_248' title='bbox 659 3503 691 3556; x_wconf 90' lang='lat' dir='ltr'><strong>ln</strong></span> <span class='ocrx_word' id='word_1_249' title='bbox 713 3505 814 3560; x_wconf 67' lang='lat' dir='ltr'><strong>Galerii</strong></span> <span class='ocrx_word' id='word_1_250' title='bbox 829 3516 918 3560; x_wconf 84' lang='lat' dir='ltr'><strong>tamen</strong></span> <span class='ocrx_word' id='word_1_251' title='bbox 931 3510 1138 3579; x_wconf 71' lang='lat' dir='ltr'><strong>Rer&#39;antiquan&#39;e</strong></span> <span class='ocrx_word' id='word_1_252' title='bbox 1153 3519 1227 3573; x_wconf 64' lang='lat' dir='ltr'><strong>nes,</strong></span> 
     </span>
     <span class='ocr_line' id='line_1_29' title="bbox 160 3585 1230 3661; baseline -0.012 0"><span class='ocrx_word' id='word_1_253' title='bbox 160 3593 220 3648; x_wconf 71' lang='lat'><strong>0⁰¹·</strong></span> <span class='ocrx_word' id='word_1_254' title='bbox 234 3593 300 3656; x_wconf 76' lang='lat'><strong>265,</strong></span> <span class='ocrx_word' id='word_1_255' title='bbox 319 3585 443 3643; x_wconf 63' lang='lat' dir='ltr'><strong>fldlfiffll’</strong></span> <span class='ocrx_word' id='word_1_256' title='bbox 460 3587 554 3647; x_wconf 72' lang='lat' dir='ltr'><strong>maes,</strong></span> <span class='ocrx_word' id='word_1_257' title='bbox 574 3585 786 3658; x_wconf 72' lang='lat' dir='ltr'><strong>‘typothetarum</strong></span> <span class='ocrx_word' id='word_1_258' title='bbox 807 3591 907 3645; x_wconf 84' lang='lat' dir='ltr'><strong>incuria</strong></span> <span class='ocrx_word' id='word_1_259' title='bbox 926 3594 993 3647; x_wconf 88' lang='lat' dir='ltr'><strong>male</strong></span> <span class='ocrx_word' id='word_1_260' title='bbox 1011 3597 1132 3651; x_wconf 82' lang='lat' dir='ltr'><strong>scribitur</strong></span> <span class='ocrx_word' id='word_1_261' title='bbox 1143 3612 1230 3661; x_wconf 79' lang='grc' dir='ltr'>οηῃ.</span> 
     </span>
     <span class='ocr_line' id='line_1_30' title="bbox 159 3669 1228 3751; baseline 0.006 -17"><span class='ocrx_word' id='word_1_262' title='bbox 159 3688 242 3744; x_wconf 77' lang='grc' dir='ltr'><strong>ΔΙΟΣ,</strong></span> <span class='ocrx_word' id='word_1_263' title='bbox 256 3687 305 3730; x_wconf 86' lang='lat' dir='ltr'><strong>etc.</strong></span> <span class='ocrx_word' id='word_1_264' title='bbox 323 3671 394 3726; x_wconf 83' lang='lat' dir='ltr'><strong>Cum</strong></span> <span class='ocrx_word' id='word_1_265' title='bbox 408 3682 496 3724; x_wconf 88' lang='lat' dir='ltr'><strong>tamen</strong></span> <span class='ocrx_word' id='word_1_266' title='bbox 511 3669 538 3722; x_wconf 91' lang='lat' dir='ltr'><strong>in</strong></span> <span class='ocrx_word' id='word_1_267' title='bbox 551 3670 670 3738; x_wconf 82' lang='lat' dir='ltr'><strong>ejusdem</strong></span> <span class='ocrx_word' id='word_1_268' title='bbox 690 3675 761 3725; x_wconf 73' lang='lat' dir='ltr'><strong>Thes.</strong></span> <span class='ocrx_word' id='word_1_269' title='bbox 772 3674 886 3729; x_wconf 84' lang='lat' dir='ltr'><strong>editione</strong></span> <span class='ocrx_word' id='word_1_270' title='bbox 899 3677 983 3745; x_wconf 85' lang='lat' dir='ltr'><strong>prima</strong></span> <span class='ocrx_word' id='word_1_271' title='bbox 991 3718 999 3744; x_wconf 89' lang='lat'><strong>,</strong></span> <span class='ocrx_word' id='word_1_272' title='bbox 1013 3680 1045 3732; x_wconf 90' lang='lat' dir='ltr'><strong>ah</strong></span> <span class='ocrx_word' id='word_1_273' title='bbox 1058 3681 1112 3751; x_wconf 84' lang='lat' dir='ltr'><strong>ipso</strong></span> <span class='ocrx_word' id='word_1_274' title='bbox 1123 3684 1228 3745; x_wconf 81' lang='lat' dir='ltr'><strong>Goltsio</strong></span> 
     </span>
     <span class='ocr_line' id='line_1_31' title="bbox 159 3754 1024 3834; baseline -0.01 -15"><span class='ocrx_word' id='word_1_275' title='bbox 159 3782 203 3818; x_wconf 83' lang='lat' dir='ltr'><strong>an.</strong></span> <span class='ocrx_word' id='word_1_276' title='bbox 218 3764 294 3834; x_wconf 78' lang='lat'><strong>1579,</strong></span> <span class='ocrx_word' id='word_1_277' title='bbox 306 3758 375 3812; x_wconf 82' lang='lat' dir='ltr'><strong>saeta</strong></span> <span class='ocrx_word' id='word_1_278' title='bbox 386 3766 457 3809; x_wconf 86' lang='lat' dir='ltr'><strong>recte</strong></span> <span class='ocrx_word' id='word_1_279' title='bbox 469 3775 493 3824; x_wconf 88' lang='lat' dir='ltr'><strong>p.</strong></span> <span class='ocrx_word' id='word_1_280' title='bbox 508 3755 569 3819; x_wconf 74' lang='lat'><strong>156,</strong></span> <span class='ocrx_word' id='word_1_281' title='bbox 583 3754 710 3809; x_wconf 85' lang='lat' dir='ltr'><strong>hahentur·</strong></span> <span class='ocrx_word' id='word_1_282' title='bbox 721 3767 858 3813; x_wconf 73' lang='lat' dir='ltr'><strong>oraturos</strong></span> <span class='ocrx_word' id='word_1_283' title='bbox 870 3770 1024 3817; x_wconf 69' lang='lat' dir='ltr'><strong>tlssnhmte.</strong></span> 
     </span>
    </p>
   </div>
   <div class='ocr_carea' id='block_1_4' title="bbox 158 3858 1233 4201">
    <p class='ocr_par' dir='ltr' id='par_1_4' title="bbox 158 3858 1233 4201">
     <span class='ocr_line' id='line_1_32' title="bbox 191 3858 1230 3934; baseline 0.002 -16"><span class='ocrx_word' id='word_1_284' title='bbox 191 3869 204 3899; x_wconf 86' lang='lat'><strong>¹</strong></span> <span class='ocrx_word' id='word_1_285' title='bbox 220 3865 264 3918; x_wconf 85' lang='lat' dir='ltr'><strong>Sic</strong></span> <span class='ocrx_word' id='word_1_286' title='bbox 279 3861 349 3916; x_wconf 82' lang='lat' dir='ltr'><strong>haud</strong></span> <span class='ocrx_word' id='word_1_287' title='bbox 361 3858 472 3915; x_wconf 88' lang='lat' dir='ltr'><strong>omnino</strong></span> <span class='ocrx_word' id='word_1_288' title='bbox 484 3858 552 3912; x_wconf 84' lang='lat' dir='ltr'><strong>hene</strong></span> <span class='ocrx_word' id='word_1_289' title='bbox 563 3877 624 3912; x_wconf 85' lang='lat' dir='ltr'><strong>curn</strong></span> <span class='ocrx_word' id='word_1_290' title='bbox 640 3859 750 3928; x_wconf 80' lang='lat' dir='ltr'><strong>simplici</strong></span> <span class='ocrx_word' id='word_1_291' title='bbox 763 3860 802 3926; x_wconf 88' lang='lat' dir='ltr'><strong>P,</strong></span> <span class='ocrx_word' id='word_1_292' title='bbox 820 3860 858 3914; x_wconf 84' lang='lat' dir='ltr'><strong>uti</strong></span> <span class='ocrx_word' id='word_1_293' title='bbox 871 3873 898 3915; x_wconf 85' lang='lat' dir='ltr'><strong>et</strong></span> <span class='ocrx_word' id='word_1_294' title='bbox 908 3871 1053 3920; x_wconf 69' lang='lat' dir='ltr'><strong>nonarum</strong></span> <span class='ocrx_word' id='word_1_295' title='bbox 1061 3905 1070 3932; x_wconf 94' lang='lat'><strong>,</strong></span> <span class='ocrx_word' id='word_1_296' title='bbox 1085 3887 1140 3924; x_wconf 88' lang='lat' dir='ltr'><strong>non</strong></span> <span class='ocrx_word' id='word_1_297' title='bbox 1155 3893 1230 3934; x_wconf 63' lang='lat' dir='ltr'><strong>secu,</strong></span> 
     </span>
     <span class='ocr_line' id='line_1_33' title="bbox 158 3944 1230 4018; baseline 0.011 -15"><span class='ocrx_word' id='word_1_298' title='bbox 158 3972 190 4008; x_wconf 76' lang='lat' dir='ltr'><strong>sc</strong></span> <span class='ocrx_word' id='word_1_299' title='bbox 201 3952 369 4009; x_wconf 54' lang='lat' dir='ltr'><strong>titillantium·</strong></span> <span class='ocrx_word' id='word_1_300' title='bbox 381 3962 465 4015; x_wconf 90' lang='lat' dir='ltr'><strong>quum</strong></span> <span class='ocrx_word' id='word_1_301' title='bbox 476 3953 565 3996; x_wconf 89' lang='lat' dir='ltr'><strong>tamen</strong></span> <span class='ocrx_word' id='word_1_302' title='bbox 575 3953 722 4000; x_wconf 72' lang='grc' dir='ltr'>ΠΩΔΔΙΩΝ</span> <span class='ocrx_word' id='word_1_303' title='bbox 731 3944 999 4010; x_wconf 70' lang='lat' dir='ltr'><strong>lueritscribendum</strong></span> <span class='ocrx_word' id='word_1_304' title='bbox 1008 3956 1141 4018; x_wconf 89' lang='lat' dir='ltr'><strong>quomodo</strong></span> <span class='ocrx_word' id='word_1_305' title='bbox 1149 3963 1230 4018; x_wconf 86' lang='lat' dir='ltr'><strong>etiarn</strong></span> 
     </span>
     <span class='ocr_line' id='line_1_34' title="bbox 158 4027 1233 4107; baseline 0.013 -20"><span class='ocrx_word' id='word_1_306' title='bbox 158 4036 292 4090; x_wconf 72' lang='lat' dir='ltr'><strong>Horellius</strong></span> <span class='ocrx_word' id='word_1_307' title='bbox 305 4042 375 4086; x_wconf 85' lang='lat' dir='ltr'><strong>recte</strong></span> <span class='ocrx_word' id='word_1_308' title='bbox 390 4028 478 4082; x_wconf 84' lang='lat' dir='ltr'><strong>hahet.</strong></span> <span class='ocrx_word' id='word_1_309' title='bbox 492 4028 548 4082; x_wconf 89' lang='lat' dir='ltr'><strong>Nec</strong></span> <span class='ocrx_word' id='word_1_310' title='bbox 561 4027 636 4081; x_wconf 87' lang='lat' dir='ltr'><strong>aliter</strong></span> <span class='ocrx_word' id='word_1_311' title='bbox 654 4027 696 4082; x_wconf 85' lang='lat' dir='ltr'><strong>alii</strong></span> <span class='ocrx_word' id='word_1_312' title='bbox 717 4030 838 4097; x_wconf 86' lang='lat' dir='ltr'><strong>nummi,</strong></span> <span class='ocrx_word' id='word_1_313' title='bbox 858 4029 955 4099; x_wconf 89' lang='lat' dir='ltr'><strong>lapides</strong></span> <span class='ocrx_word' id='word_1_314' title='bbox 974 4052 1004 4087; x_wconf 88' lang='lat' dir='ltr'><strong>ac</strong></span> <span class='ocrx_word' id='word_1_315' title='bbox 1019 4037 1155 4107; x_wconf 83' lang='lat' dir='ltr'><strong>aliquoties</strong></span> <span class='ocrx_word' id='word_1_316' title='bbox 1167 4048 1233 4104; x_wconf 83' lang='lat' dir='ltr'><strong>editi</strong></span> 
     </span>
     <span class='ocr_line' id='line_1_35' title="bbox 159 4110 1231 4201; baseline 0.014 -29"><span class='ocrx_word' id='word_1_317' title='bbox 159 4122 308 4186; x_wconf 68' lang='lat' dir='ltr'><strong>scriptores.</strong></span> <span class='ocrx_word' id='word_1_318' title='bbox 317 4115 382 4168; x_wconf 78' lang='lat' dir='ltr'><strong>Vid.</strong></span> <span class='ocrx_word' id='word_1_319' title='bbox 394 4114 473 4166; x_wconf 82' lang='lat' dir='ltr'><strong>Dion.</strong></span> <span class='ocrx_word' id='word_1_320' title='bbox 487 4110 544 4166; x_wconf 80' lang='lat' dir='ltr'><strong>Lib.</strong></span> <span class='ocrx_word' id='word_1_321' title='bbox 554 4111 633 4179; x_wconf 80' lang='lat' dir='ltr'><strong>Lrv,</strong></span> <span class='ocrx_word' id='word_1_322' title='bbox 647 4132 673 4182; x_wconf 83' lang='lat' dir='ltr'><strong>p.</strong></span> <span class='ocrx_word' id='word_1_323' title='bbox 684 4113 748 4180; x_wconf 81' lang='lat'><strong>538,</strong></span> <span class='ocrx_word' id='word_1_324' title='bbox 758 4125 885 4171; x_wconf 79' lang='lat' dir='ltr'><strong>ornatos</strong></span> <span class='ocrx_word' id='word_1_325' title='bbox 895 4128 1059 4187; x_wconf 74' lang='lat' dir='ltr'><strong>unsaros,</strong></span> <span class='ocrx_word' id='word_1_326' title='bbox 1071 4124 1113 4178; x_wconf 81' lang='lat' dir='ltr'><strong>tib.</strong></span> <span class='ocrx_word' id='word_1_327' title='bbox 1122 4128 1231 4201; x_wconf 77' lang='lat' dir='ltr'><strong>Lvllt,</strong></span> 
     </span>
    </p>
   </div>
   <div class='ocr_carea' id='block_1_5' title="bbox 158 4192 1233 4357">
    <p class='ocr_par' dir='ltr' id='par_1_5' title="bbox 158 4192 1233 4357">
     <span class='ocr_line' id='line_1_36' title="bbox 159 4192 1233 4289; baseline 0.011 -32"><span class='ocrx_word' id='word_1_328' title='bbox 159 4226 186 4277; x_wconf 81' lang='lat' dir='ltr'><strong>p.</strong></span> <span class='ocrx_word' id='word_1_329' title='bbox 195 4204 255 4268; x_wconf 79' lang='lat'><strong>633,</strong></span> <span class='ocrx_word' id='word_1_330' title='bbox 268 4192 453 4257; x_wconf 78' lang='lat' dir='ltr'><strong>omrrm&#39;os</strong></span> <span class='ocrx_word' id='word_1_331' title='bbox 466 4206 614 4253; x_wconf 69' lang='lat' dir='ltr'><strong>nostran</strong></span> <span class='ocrx_word' id='word_1_332' title='bbox 622 4197 696 4261; x_wconf 64' lang='lat' dir='ltr'><strong>stit.</strong></span> <span class='ocrx_word' id='word_1_333' title='bbox 705 4198 766 4265; x_wconf 80' lang='lat' dir='ltr'><strong>Lx,</strong></span> <span class='ocrx_word' id='word_1_334' title='bbox 776 4220 801 4270; x_wconf 79' lang='lat' dir='ltr'><strong>p.</strong></span> <span class='ocrx_word' id='word_1_335' title='bbox 812 4202 868 4254; x_wconf 74' lang='lat'><strong>580.</strong></span> <span class='ocrx_word' id='word_1_336' title='bbox 880 4209 1010 4274; x_wconf 69' lang='lat' dir='ltr'><strong>rosamo</strong></span> <span class='ocrx_word' id='word_1_337' title='bbox 1018 4205 1233 4289; x_wconf 71' lang='lat' dir='ltr'><strong>(tegerorsrrp)</strong></span> 
     </span>
     <span class='ocr_line' id='line_1_37' title="bbox 158 4278 1030 4357; baseline -0.007 -9"><span class='ocrx_word' id='word_1_338' title='bbox 158 4278 327 4348; x_wconf 77' lang='lat' dir='ltr'><strong>suasioni.</strong></span> <span class='ocrx_word' id='word_1_339' title='bbox 340 4283 399 4338; x_wconf 79' lang='lat' dir='ltr'><strong>Lib.</strong></span> <span class='ocrx_word' id='word_1_340' title='bbox 410 4281 551 4350; x_wconf 71' lang='lat' dir='ltr'><strong>xtvrtt,</strong></span> <span class='ocrx_word' id='word_1_341' title='bbox 563 4300 589 4351; x_wconf 78' lang='lat' dir='ltr'><strong>p.</strong></span> <span class='ocrx_word' id='word_1_342' title='bbox 600 4281 665 4349; x_wconf 76' lang='lat'><strong>365,</strong></span> <span class='ocrx_word' id='word_1_343' title='bbox 679 4282 1030 4357; x_wconf 69' lang='lat' dir='ltr'><strong>382.1³1misCas.s.732.</strong></span> 
     </span>
    </p>
   </div>
   <div class='ocr_carea' id='block_1_6' title="bbox 255 4377 1093 4475">
    <p class='ocr_par' dir='ltr' id='par_1_6' title="bbox 255 4377 1093 4475">
     <span class='ocr_line' id='line_1_38' title="bbox 255 4377 1093 4475; baseline -0.008 -20"><span class='ocrx_word' id='word_1_344' title='bbox 255 4377 405 4465; x_wconf 63' lang='lat' dir='ltr'><strong>urar.</strong></span> <span class='ocrx_word' id='word_1_345' title='bbox 758 4466 762 4475; x_wconf 21' lang='lat'>¹</span> <span class='ocrx_word' id='word_1_346' title='bbox 1014 4383 1093 4466; x_wconf 80' lang='lat' dir='ltr'><strong>ss¹</strong></span> 
     </span>
    </p>
   </div>
   <div class='ocr_carea' id='block_1_7' title="bbox 0 0 1584 5134">
    <p class='ocr_par' dir='ltr' id='par_1_7' title="bbox 0 0 1584 5134">
     <span class='ocr_line' id='line_1_39' title="bbox 0 0 1584 5134; baseline 0 1"><span class='ocrx_word' id='word_1_347' title='bbox 0 0 1584 5134; x_wconf 95' lang='lat' dir='ltr'><strong> </strong></span> 
     </span>
    </p>
   </div>
  </div>
 </body>
</html>
