3159 5134
390 525 451 611 qs
706 529 746 592 n.
778 526 957 595 ovmu
981 525 1115 593 vrrs

430 670 475 741 ΙΙ.
494 666 593 740 Haud
605 665 704 761 longe
718 665 761 738 ab
771 666 837 740 boc
850 684 998 768 tempore
1011 693 1182 740 censemus
1196 665 1355 741 Ovidium
1368 697 1448 743 snos

385 787 539 860 Auroram
561 782 655 855 libros
679 780 824 882 primum
841 781 876 855 in
900 780 1025 870 iucem,
1052 781 1200 883 quinque
1225 781 1449 858 voluminibus

382 903 576 986 distinctos,
602 898 799 1000 protulisse;
818 928 922 1000 quum
938 899 1095 1001 pleraque
1108 928 1222 974 corum
1239 902 1381 975 earmina
1400 902 1450 974 vi·

381 1022 520 1096 deantur
533 1017 575 1093 ad
590 1036 696 1119 poete
712 1016 819 1091 nostri
827 1018 981 1120 juoem'lm
996 1026 1005 1055 ¹
1025 1046 1096 1092 esse
1112 1018 1302 1106 reserenda,
1317 1020 1449 1121 sintque

380 1133 538 1211 nonnulla
556 1133 699 1222 ibidem,
725 1131 930 1234 superiorum
948 1162 1109 1208 annorum
1128 1135 1275 1222 criteria,
1294 1163 1366 1236 quae
1381 1135 1448 1235 jam

382 1254 607 1329 indicavimus.
626 1252 685 1325 Bis
702 1269 811 1325 antem
826 1250 927 1325 hosce
943 1250 1049 1326 libros
1063 1252 1106 1325 ab
1121 1271 1255 1326 auctore
1266 1253 1368 1328 fnisse
1380 1253 1449 1327 edi-

383 1386 455 1457 tos,
473 1369 614 1469 ipsemet
630 1367 734 1465 aperit
747 1365 911 1465 prooemio
928 1364 1005 1438 libri
1018 1368 1059 1438 l:

548 1515 604 1585 Qui
617 1513 698 1567 modo
709 1514 821 1568 Nasonis
831 1513 966 1569 fueramus
976 1520 1084 1584 parteque
1093 1520 1190 1580 libelli,

579 1608 646 1692 Tres.
653 1624 744 1660 sumus
754 1624 762 1658 ι
774 1605 824 1658 boc
834 1605 869 1658 ilii
881 1606 996 1675 pretatis
1006 1618 1098 1661 auctor
1108 1627 1173 1678 opus
1184 1630 1192 1672 3

379 1729 449 1801 Nec
462 1724 555 1828 prior
570 1742 699 1798 tantum
714 1724 838 1811 editio,
856 1723 913 1797 sed
929 1741 963 1796 et
977 1724 1144 1824 posterior
1153 1725 1319 1826 prooessit
1333 1727 1447 1800 Artem

379 1840 510 1916 amandi
520 1900 529 1928 ,
554 1869 652 1942 quam
669 1839 758 1913 baud
774 1855 850 1913 aute
866 1866 989 1912 anunm
1003 1841 1045 1911 U.
1063 1841 1101 1913 C.
1120 1859 1260 1929 neem,
1282 1840 1447 1942 prodiisse

380 1956 537 2055 deinceps
560 1954 602 2027 ud
626 1982 699 2027 eum
719 1981 843 2025 aunum
863 1951 1093 2053 probabimus,
1121 1953 1159 2028 ld
1177 1973 1284 2028 sutem
1306 1953 1448 2028 disertus

377 2071 479 2171 hujus
489 2071 601 2170 operis
614 2066 707 2144 locus
720 2068 939 2154 demonstran
955 2065 1079 2142 scilicet
1090 2070 1162 2142 Art
1175 2071 1286 2146 Amat
1300 2069 1359 2143 lib.
1374 2072 1444 2158 111,

378 2188 439 2261 ubi
452 2215 555 2288 quum
572 2184 613 2258 dc
628 2203 870 2259 antecessorum
884 2184 935 2257 sui
948 2201 1119 2284 poctarum
1134 2185 1336 2261 carminibus
1350 2185 1448 2260 dixis·

381 2320 450 2389 set,
468 2303 508 2376 de
526 2301 594 2376 suis
610 2300 735 2373 addita
752 2328 834 2373 vers.
854 2299 951 2400 339²
968 2330 976 2372 :

542 2449 664 2503 Forsitan
676 2456 704 2500 et
714 2457 826 2500 rostrum
834 2467 922 2501 romeu
934 2447 1084 2502 miscebitur
1097 2449 1166 2504 istis:

577 2540 635 2594 Nec
646 2560 701 2594 urea
713 2538 824 2594 laetbaeis
836 2545 932 2607 scnpts
945 2539 1079 2595 dabuntur
1086 2543 1167 2620 ‚aquis

545 2633 634 2700 Atque
646 2630 736 2700 aliquis
747 2629 816 2684 dicet
827 2652 834 2694 ;
846 2631 936 2684 Nostri
950 2630 1005 2701 lege
1018 2631 1087 2685 cultu
1097 2632 1212 2703 magistri

578 2722 722 2790 Carmina,
735 2723 808 2792 queis
821 2733 906 2792 partes
918 2722 1024 2775 instruit
1037 2723 1079 2778 ille
1092 2723 1156 2777 duus
1165 2722 1184 2776 ³.

543 2814 618 2869 Dese
628 2819 707 2868 m'bss
718 2817 807 2878 Istro,
826 2814 915 2868 titulus
927 2832 993 2882 quos
1003 2814 1087 2882 signat
1099 2815 1232 2870 Arous:
1244 2855 1251 2882 ,

578 2904 671 2975 Elige,
684 2904 754 2973 quod
767 2902 845 2957 docili
857 2903 971 2956 molliter
984 2922 1031 2957 ore
1043 2904 1119 2973 legas.

384 3026 579 3102 Receusitos
592 3041 699 3097 tsmen
710 3026 864 3097 Amorum
877 3019 984 3095 libros
997 3022 1116 3128 iterum
1130 3022 1236 3096 editos
1248 3042 1316 3098 tum
1330 3024 1447 3115 fuisse,

385 3170 488 3244 quum
503 3141 568 3238 jum
587 3136 731 3212 Ovidius
747 3140 864 3211 Artem
884 3137 1080 3211 Amutonizm
1096 3137 1161 3210 sibi
1178 3138 1448 3214 conscribendum

385 3253 599 3355 suscepisset,
617 3250 705 3325 baud
718 3250 857 3324 obscure
868 3249 989 3324 indicat
1002 3253 1115 3323 Amor.
1130 3249 1188 3323 lib.
1203 3255 1256 3340 ll,
1270 3251 1323 3326 ΕΙ.
1337 3271 1446 3342 xvttl,

346 3419 348 3426 ·
384 3398 465 3444 vers.
486 3394 533 3468 ,19
551 3384 583 3441 et
600 3392 669 3439 20:

550 3516 632 3585 Quod
645 3515 721 3582 licet,
735 3526 779 3569 sut
791 3516 888 3569 Aruns
900 3514 984 3568 teneri
996 3513 1151 3583 profitemur
1164 3515 1293 3570 Anours:

578 3601 631 3661 Hei
643 3606 707 3659 mibi
719 3620 878 3660 eumenem
889 3616 1002 3675 torqueor
1011 3611 1066 3673 ipse
1076 3619 1144 3659 mts
1155 3606 1161 3658 !

418 3775 425 3803 ¹
445 3771 512 3824 Fast.
524 3769 567 3822 lib.
579 3768 622 3836 ll,
632 3784 699 3821 vers.
709 3770 723 3820 5
733 3805 741 3832 ,
760 3765 791 3819 sd
801 3765 895 3835 Elegos
905 3785 912 3818 z
924 3787 938 3812 «
950 3767 1008 3836 lpse
1022 3761 1070 3837 eqo
1082 3785 1127 3819 vos
1139 3764 1217 3819 habui
1229 3764 1314 3821 faciles
1322 3765 1349 3819 iu
1357 3784 1446 3822 amon

388 3853 536 3918 ministros,
550 3851 643 3920 Quum
655 3851 715 3904 lusit
727 3850 845 3925 numeris
857 3863 947 3902 rums
957 3863 1088 3922 tunm
1099 3849 1158 3902 suis.
1176 3871 1189 3896 α
1205 3848 1262 3903 Lib.
1273 3849 1323 3916 IV,
1334 3870 1398 3905 vers
1413 3872 1448 3925 q:

386 3961 399 3985 a
415 3937 485 4007 Qusb
495 3935 583 3988 decuit
593 3950 691 3988 mm
702 3934 758 3986 siue
770 3933 880 3986 crimine
893 3931 1002 3986 lusimus
1014 3947 1104 3988 sums.
1114 3957 1127 3981 s

417 4022 428 4052 ²
446 4021 532 4072 Versu
545 4037 649 4088 quoque
663 4017 712 4071 538
724 4017 755 4070 sd
769 4036 814 4071 eos
827 4018 958 4070 Amorum
970 4015 1064 4086 libros,
1078 4018 1170 4088 quibus
1180 4035 1254 4072 suam
1267 4007 1378 4074 maxime
1393 4023 1449 4075 Co·-

383 4109 482 4158 ronan
493 4101 623 4169 celebrat,
639 4099 740 4170 liquido
758 4112 856 4171 spectet
871 4119 877 4153 ε
894 4122 908 4146 s
926 4100 962 4155 Et
980 4101 1072 4170 multi,
1093 4119 1151 4173 qun
1164 4101 1198 4156 uit
1215 4113 1302 4158 rostra
1320 4106 1443 4168 Consum

384 4197 484 4257 rogant
498 4209 512 4233 s

415 4269 426 4304 ³
445 4272 516 4339 ipsos
530 4270 600 4325 Artis
613 4269 757 4324 Amatoris
769 4268 848 4324 libros
861 4268 990 4341 iutelligit.
