3159 5134
452 585 549 650 PER
572 586 605 651 J
632 582 859 651 Mussott.
1130 585 1192 654 153

123 730 216 828 jnxta
233 724 341 799 filii
314 753 403 824 ejus,
421 722 547 798 seilicet
561 723 711 797 Marcelli
730 724 894 797 theatrum
910 720 1031 808 finisse3
1052 723 1142 856 quod
1160 741 1194 798 et

125 842 225 916 Trist
236 841 297 915 lib
311 843 361 915 lll
368 837 485 934 ,.Eleg
504 859 532 925 1,
551 838 741 927 confirmat,
761 839 841 912 dum
855 827 1089 912 biliothecarii
1080 866 1115 912 tn
1129 837 1192 913 ista

124 955 256 1056 portien
274 953 477 1027 reconditam
494 951 664 1047 indigitat,
684 980 765 1027 vers.
787 951 856 1052 69:

289 1100 380 1154 Altera
391 1105 483 1169 templa
495 1104 504 1132 ¹
515 1110 591 1170 peto,
604 1103 689 1153 vicino
699 1100 788 1169 iuncta
801 1102 899 1153 thealro
912 1109 961 1153 etc.

126 1215 178 1289 Ad
196 1214 311 1289 eadem
335 1243 435 1316 porro
459 1215 522 1290 tria
540 1216 655 1289 Romae
678 1214 805 1288 theatra
829 1216 951 1290 Noster
976 1233 1103 1316 spectat
1120 1216 1193 1290 Art.

129 1333 236 1406 Amat.
257 1330 314 1405 lib.
336 1336 403 1421 Ill,
421 1361 503 1408 vers.
522 1332 617 1433 394:

262 1479 373 1534 Visite
386 1479 531 1550 conspicuis
543 1490 638 1534 nsunt
649 1493 781 1532 susem
793 1478 863 1534 locis.

129 1598 231 1673 Sicet
248 1599 349 1671 Trist.
369 1598 427 1672 lib
447 1602 497 1672 ΙΙΙ
506 1597 624 1692 ,.Eleg
644 1616 717 1683 xtt,
735 1626 816 1671 vers.
834 1598 890 1690 24

172 1720 216 1791 ΙΙ.
237 1716 335 1790 Alius
361 1736 412 1790 est
435 1717 573 1819 insuper
596 1715 738 1790 Nasonis
762 1715 873 1804 loeus,
893 1716 1006 1815 quiex
1028 1715 1195 1789 metm

126 1832 212 1907 hunc
228 1861 353 1907 aunum
370 1834 558 1907 narratione
577 1830 633 1906 bic
657 1831 747 1904 venit
763 1830 989 1905 illustrandus.
1018 1832 1052 1904 ls
1077 1858 1193 1931 nempe

126 1947 225 2021 tradit
242 1955 273 2034 ²,
287 1948 340 2021 his
350 1946 561 2036 consulibus,
575 1964 614 2021 ut
628 1946 708 2020 alibi
721 1945 733 1984 ³
748 1946 971 2032 ostendimus,
981 1945 1114 2046 pnicum
1120 1961 1194 2044 post

126 2063 284 2136 Merulam
302 2058 495 2161 ⁴,stominem
509 2061 619 2135 diukro
636 2078 766 2136 creatum
781 2089 854 2135 esse.
873 2060 1015 2136 Ovidius
1031 2078 1140 2134 autem
1154 2060 1194 2134 de

126 2176 296 2276 prioribus
309 2175 465 2275 suaefilaie
478 2177 605 2277 nuptiis
620 2193 749 2265 narrat,
762 2205 816 2250 eas
832 2204 872 2249 ex
886 2174 1026 2250 consilio
1043 2174 1194 2272 conjugis

126 2292 266 2366 flaminis
285 2290 381 2366 dialis
398 2291 528 2393 aliquot
543 2292 663 2366 diebus
688 2290 804 2367 dilatus
828 2319 919 2381 esse,
934 2294 1022 2366 Fast.
1049 2289 1109 2364 lib.
1124 2293 1192 2382 vl,

125 2440 206 2486 vers.
224 2408 411 2509 219-234:
1092 2400 1093 2403 ¹

153 2572 162 2601 ¹
181 2547 333 2621 Delubrum
354 2566 482 2636 Apollinis
503 2566 534 2620 ad
549 2569 685 2622 Porticum
701 2567 835 2634 Octavio,
856 2570 883 2621 in
899 2587 950 2637 quo
963 2567 1070 2621 Latonae
1087 2585 1192 2636 quoque

125 2650 229 2720 signum
248 2648 318 2716 luit,
340 2659 404 2702 teste
428 2647 531 2715 Plinio,
543 2649 587 2703 tib.
597 2650 734 2717 XXXVI,
748 2668 803 2718 cap.
817 2655 839 2703 5.
863 2649 981 2703 Theatro
993 2650 1058 2703 item
1074 2647 1192 2702 Marcelli

123 2735 273 2802 proximum
288 2731 383 2797 fuisse,
404 2732 496 2802 probat
510 2733 589 2786 etiam
604 2733 645 2786 Cl.
660 2735 776 2789 &bretti
793 2734 930 2803 (luseript
941 2753 998 2803 pag.
1012 2734 1080 2799 455)
1097 2754 1127 2786 er
1139 2733 1191 2785 ka-

123 2813 234 2867 lendarii
244 2814 412 2882 fragmento,
426 2832 479 2883 quo
488 2813 583 2884 legitur
593 2830 746 2868 zumurus.
758 2829 856 2869 saron.
868 2829 904 2867 un
913 2828 1036 2868 sununs.
1046 2828 1133 2866 uano.
1141 2824 1189 2866 etc.

126 2897 227 2952 laudat
239 2909 266 2951 et
280 2898 389 2950 Festum
402 2909 513 2963 testem,
527 2898 570 2950 tib.
584 2898 659 2952 xltl.
671 2897 756 2964 Eam,
777 2907 807 2951 ut
819 2896 890 2950 idern
904 2896 1040 2962 observat,
1054 2895 1122 2949 male
1132 2897 1192 2949 Da-

123 2989 202 3037 cr'erus
223 2982 348 3037 adfirmat
369 2982 486 3038 Octaviae
501 2984 639 3038 Porticum
660 2984 799 3037 nominare
812 2988 935 3051 porlicum
955 2983 1075 3034 Marcelli
1079 2999 1088 3047 ,·
1108 3000 1192 3050 quum

123 3069 173 3123 hoc
187 3088 321 3138 nusquam
335 3068 404 3139 apud
421 3070 530 3124 Festum
549 3080 682 3134 occurrat;
700 3069 794 3139 quibus
812 3070 893 3123 robur
908 3066 995 3134 addit,
1013 3069 1052 3120 uti
1070 3079 1097 3121 et
1113 3067 1191 3121 simul

124 3154 185 3208 binc
196 3155 358 3220 illustratur,
373 3156 487 3222 Augusti
497 3154 545 3210 hac
557 3154 590 3210 de
602 3175 630 3208 re
646 3154 825 3209 testimonium
839 3154 866 3207 in
883 3153 968 3223 lapide
984 3154 1138 3226 Ancyram,
1159 3174 1190 3208 ex

127 3238 304 3310 Apographo,
318 3238 388 3308 quod
396 3242 471 3292 Paul.
481 3240 566 3293 Lucas
576 3240 689 3310 vulgavit
700 3250 825 3308 tanquam
838 3257 916 3292 suum
923 3277 931 3305 ,
938 3231 971 3291 'at
982 3237 1053 3307 quod
1065 3238 1191 3293 habuerat

125 3321 249 3392 Smyrna
260 3340 275 3372 a
285 3319 365 3373 vidua
379 3323 469 3383 Fabri,
485 3322 638 3375 mercatoris
650 3320 737 3389 Galli,
755 3321 801 3391 qui
814 3321 901 3391 plures
915 3340 998 3375 anuos
1016 3323 1124 3392 Ancyra
1138 3319 1190 3374 de-

123 3414 211 3474 gerat3
225 3413 306 3474 prout
316 3403 432 3457 narrarit
445 3402 485 3457 Cl.
502 3407 536 3456 V.
556 3407 616 3459 Gul.
630 3407 741 3459 Sleerard
754 3425 840 3475 nuper
851 3408 960 3478 Smyrna
971 3424 1018 3475 pro
1030 3415 1107 3476 gente
1126 3404 1191 3458 Bri-

124 3487 228 3539 tannica
240 3484 346 3552 consul,
358 3484 455 3556 quique
470 3485 541 3539 idem
553 3488 732 3557 apographum
744 3486 895 3556 aliquandiu
906 3487 979 3540 domi
989 3485 1123 3539 habuerat·
1135 3484 1192 3540 Sei-

124 3566 183 3620 ticet
196 3567 296 3619 ibidem
313 3566 386 3632 haec,
402 3585 460 3636 quae
479 3565 554 3621 tacite
571 3568 740 3638 supplentur,
760 3568 887 3622 habemus
901 3587 909 3623 z
924 3580 1033 3622 munais
1055 3583 1191 3621 nsuetvut

122 3652 270 3719 louvnovu
281 3666 431 3708 ss'orsnvtt
443 3671 450 3705 ι
461 3667 617 3706 inureres
634 3668 671 3706 tto
685 3668 785 3707 Aluum
802 3667 944 3708 aeonium
960 3669 992 3707 nt
1008 3669 1073 3708 soto
1090 3667 1190 3706 maone

122 3755 157 3792 u
168 3753 268 3810 puers
284 3752 303 3790 Δ
320 3755 475 3793 menstruo
493 3754 713 3805 nmqvonsvs
735 3754 848 3794 nonna
867 3754 898 3791 uu
919 3752 1063 3792 mancum
1082 3755 1189 3793 ueneni

121 3838 177 3875 mel
188 3833 273 3876 Hm·

153 3907 166 3936 ²
183 3904 255 3974 Dio,
269 3906 312 3960 lib.
327 3906 401 3974 LtV,
417 3927 473 3977 pag.
485 3907 542 3976 545.

152 3989 164 4023 ⁸
179 3991 243 4044 tani
256 3991 360 4062 Templ.
377 3993 467 4047 Reser.
479 4013 536 4063 pag.
550 3993 676 4046 nor-203.

154 4077 167 4114 ⁴
183 4077 209 4131 ls
220 4097 292 4132 anno
304 4078 341 4133 U.
353 4077 384 4133 C.
396 4094 508 4134 uetxvrt
520 4077 674 4132 interiectus
685 4089 731 4132 est.
744 4078 852 4133 Tacitus
862 4090 951 4133 autem
965 4079 1060 4133 Annul.
1071 4079 1113 4132 lib.
1129 4078 1188 4145 111,

120 4180 178 4231 cap.
190 4162 235 4227 38,
247 4161 348 4216 inducit
360 4165 469 4217 &reim
479 4151 679 4231 Maluginensem
688 4162 759 4232 ‚·qui
770 4163 880 4218 Flamen
891 4164 993 4231 Dialis,
1009 4164 1190 4229 dictitantem,

122 4247 219 4298 duom
236 4255 263 4298 e!
273 4252 435 4315 septenarium
446 4252 521 4300 murs
530 4257 592 4315 post
606 4249 679 4300 Com.
702 4249 807 4300 neura
817 4253 908 4302 cedens
922 4254 1042 4302 nemiuem
1060 4266 1116 4301 csse
1127 4245 1190 4312 sul-

114 4328 222 4397 Jectenr.
239 4330 316 4399 Quos
326 4331 436 4388 calculos
446 4332 506 4387 alibi
514 4351 580 4386 cum
592 4331 686 4386 Dionis
698 4332 844 4388 rationibus
854 4333 1025 4390 conciliamus,
