3159 5134
454 542 522 609 ΕΤ
546 540 921 611 PRAEFAT'IONES.
1161 539 1226 631 293

156 679 248 754 dant.
269 682 382 782 Atque
399 696 439 754 ut
453 679 539 754 lranc
556 680 591 754 in
606 697 733 783 partem
751 681 871 758 diversi
888 678 1067 781 scriptores
1082 677 1229 768 abeunt,

158 793 205 871 sie
218 796 253 868 in
268 795 406 896 hujusce
422 814 531 898 etymo
544 796 665 872 mirum
677 798 712 871 in
723 797 860 872 modum
871 798 1013 883 variant,
1025 793 1148 898 quibus
1156 794 1229 871 haec

117 1003 123 1011 ι
156 908 290 1010 scriptis
301 910 443 1010 prodere
456 910 603 986 studium
616 910 681 985 fuit
695 942 703 984 :
718 911 841 987 dietam
856 910 944 1016 enim
961 909 1095 1012 qnidam
1109 908 1229 984 volunt

155 1022 238 1121 rapi
248 1023 285 1096 el
302 1023 499 1112 adalmaro&
511 1026 677 1107 πθνιὲταςε
691 1026 759 1101 fere
772 1028 860 1101 eninr
869 1025 1099 1104 defunctorum
1112 1022 1227 1099 landes

156 1139 222 1213 lroc
235 1140 379 1214 carmine
391 1142 689 1242 prosequebantur.
703 1141 771 1216 Alii
780 1141 840 1215 alul
853 1144 912 1215 roi
919 1141 1020 1228 isaie,
1033 1141 1067 1213 id
1079 1159 1149 1230 est,
1162 1142 1226 1215 rni-

155 1253 257 1327 sereri
279 1254 405 1355 equod
419 1254 545 1330 seilicet
562 1255 767 1330 miseriarum
783 1256 921 1359 plenum
943 1281 1016 1330 esse
1037 1253 1140 1330 soleat
1160 1254 1226 1329 hor

155 1371 308 1446 carminis
326 1400 441 1468 genus.
470 1372 557 1448 lluic
575 1372 783 1475 etymologis
799 1373 956 1451 adsentiri
972 1372 1103 1450 ridetur
1125 1370 1223 1447 Flac-

154 1513 229 1574 cus,
246 1486 305 1587 qui
314 1486 355 1559 ad
369 1486 506 1561 Albium
519 1487 692 1563 Tibullum
706 1490 872 1578 scribens,
892 1487 952 1562 lib.
968 1489 1095 1562 lcarnr.
1111 1485 1223 1583 elegos

152 1602 357 1678 miserabiles
378 1622 483 1679 vocat.
511 1605 681 1707 Superiori
698 1623 810 1681 antem
825 1609 936 1694 Naso,
955 1604 1013 1707 qui
1030 1604 1066 1679 in
1082 1601 1225 1705 epistola

153 1716 330 1818 Sapphus,
347 1717 484 1814 elegiam
501 1747 628 1794 carmen
646 1718 775 1809 llebile,
792 1720 828 1793 in
842 1718 1024 1794 Amoribus
1037 1718 1143 1820 ipsam
1157 1717 1225 1793 ele-

153 1834 240 1930 giam
254 1833 397 1910 flebilem
414 1835 567 1938 adpellat.
586 1835 750 1910 Nonnulli
770 1834 814 1909 ab
832 1832 866 1908 ὅ
875 1832 960 1934 (ll)
977 1835 1222 1935 interjectione,

154 1950 199 2028 ita
213 1965 254 2023 nt
269 1950 348 2052 legia
369 1950 413 2025 sit
428 1950 573 2028 nominis
588 1949 876 2053 supplementum,
895 1967 928 2024 et
942 1948 1028 2023 nilril
1046 1949 1219 2047 significet

155 2066 278 2142 Endon
295 2066 443 2158 ratione,
468 2097 533 2169 qna
555 2067 683 2144 Gellius
703 2067 916 2168 qurrutnu
937 2066 1042 2141 dictas
1062 2066 1185 2158 voluit,
1202 2095 1223 2143 a

155 2184 303 2285 quinque
320 2183 447 2258 dierum
463 2212 621 2273 numero,
641 2183 793 2287 quisunt
809 2184 853 2258 ab
869 2183 982 2258 idibus
1004 2212 1012 2256 ε
1035 2197 1122 2257 otrus
1143 2212 1222 2258 vero

154 2299 239 2374 nihil
265 2298 467 2396 significum
485 2301 648 2402 siquidem
666 2300 819 2403 Phrygiae
842 2329 898 2377 rex
921 2300 1048 2386 Midas,
1065 2302 1145 2382 dum
1161 2330 1223 2403 pa·

154 2418 334 2517 rentijusta
347 2437 517 2520 perageret
527 2475 537 2506 ,
548 2418 611 2492 bac
621 2417 849 2517 interiectione
859 2419 1050 2520 frequenter
1057 2446 1138 2492 usus
1151 2446 1222 2493 esse

154 2535 287 2611 dicitur.
303 2537 398 2611 Licet
412 2534 468 2610 alii
486 2535 635 2622 tradant,
652 2535 830 2612 Theoelem
847 2537 1009 2620 Narium,
1027 2535 1094 2611 sire
1107 2536 1222 2637 potius

153 2653 379 2756 Erythraeum,
405 2654 595 2754 frequenter
611 2678 671 2754 per
691 2654 813 2727 amoris
830 2653 990 2727 insaniam
1008 2651 1222 2728 vociferatum

154 2798 240 2856 esse,
251 2775 304 2854 ιῒ,
316 2772 366 2853 ω’,
381 2771 434 2842 ai:
444 2769 522 2845 inde
530 2768 660 2872 aliquot
671 2769 792 2845 additis
805 2768 1076 2865 literis,elegiam
1086 2768 1218 2842 dictam.

154 2887 266 2984 Quam
283 2884 514 2988 etymologiam
532 2887 637 2962 senui
649 2887 805 2963 videntur
816 2887 884 2974 illi,
903 2888 963 2989 qui
979 2887 1223 2969 contenderunt

154 3001 289 3098 elegiam
303 3002 486 3104 producere
499 3002 627 3105 priores
642 3003 725 3079 duas
743 3003 895 3106 syllabas
916 3004 980 3079 His
992 3023 1102 3080 tamen
1116 3006 1220 3082 refra-

154 3136 252 3215 gatur
268 3118 446 3221 Papinius,
472 3121 565 3219 cujus
583 3120 648 3194 tale
661 3140 713 3197 est
728 3122 763 3194 in
783 3120 891 3222 Sylvis
905 3151 1032 3198 carmen
1056 3154 1064 3196 :
1089 3124 1220 3219 «Quas

156 3267 174 3300 »
193 3235 283 3309 inter
298 3234 392 3321 vultu
407 3235 562 3337 petulans
575 3235 681 3333 elegia
694 3238 908 3339 propinquat.
926 3272 944 3304 »
963 3242 1046 3312 Item
1065 3239 1220 3327 Persius,

154 3349 222 3424 sae
243 3377 257 3423 1
271 3406 281 3438 ,
294 3349 405 3425 dicens
420 3382 426 3423 :
446 3385 462 3416 α
477 3351 585 3425 Ebria
595 3369 741 3439 veratro,
754 3380 825 3426 non
842 3353 871 3426 si
888 3382 952 3454 qua
964 3352 1067 3448 elegia
1084 3353 1188 3428 erudi
1200 3387 1218 3419 u

153 3468 223 3541 Noc
241 3466 390 3556 defuere,
408 3467 465 3568 qui
486 3466 530 3542 ab
553 3468 720 3555 lanuino,
740 3467 832 3569 quod
848 3487 896 3543 est
912 3469 1075 3556 insanire,
1100 3468 1221 3544 dietam

154 3579 343 3656 voluerint:
360 3581 451 3684 quod
467 3599 576 3656 mente
592 3601 711 3685 captus
721 3582 898 3673 Theocles,
914 3585 954 3659 de
971 3612 1039 3685 quo
1053 3611 1153 3684 supra
1168 3582 1221 3657 di-

154 3715 245 3773 ctum
262 3717 335 3787 est,
351 3726 392 3773 eo
409 3700 562 3776 carminis
578 3729 696 3797 genere
711 3701 908 3776 vociferatus
923 3701 977 3775 sit.
994 3699 1106 3774 Primo
1117 3700 1221 3798 igitur

153 3844 206 3892 res
223 3835 352 3892 tantum
378 3816 507 3907 tristes,
524 3845 562 3891 ac
585 3818 789 3893 miseriarum
806 3816 931 3919 plens,
955 3815 1098 3914 elegiaco
1122 3846 1219 3893 versu

156 3929 441 4020 deso-ibebantur;
457 3961 533 4007 mox
544 3950 578 4007 et
588 3932 687 4021 laetae,
703 3933 885 4036 presertim
900 3961 1047 4022 amores,
1061 3961 1101 4007 eo
1113 3951 1223 4009 metro

155 4046 225 4119 cani
242 4050 543 4152 otepernnt,·quod
558 4066 592 4124 et
603 4048 742 4125 Flaccus
754 4049 788 4122 in
803 4048 884 4124 Arte
899 4047 1030 4149 poetica
1046 4048 1093 4121 sic
1111 4065 1223 4122 osten-

156 4161 226 4237 dit:
245 4197 264 4230 «
280 4165 442 4243 Versibus
467 4166 637 4270 impariter
657 4166 781 4266 junctis
808 4165 927 4262 elegeia
944 4168 1112 4269 primum,
1139 4167 1223 4240 Post

157 4310 175 4342 a
194 4279 292 4355 etiam
309 4279 435 4356 inclusa
448 4300 500 4358 est
509 4283 576 4359 roti
592 4281 754 4358 sententia
770 4293 919 4384 compos.
936 4318 953 4350 »
971 4282 1069 4358 Unde
1082 4285 1175 4357 Naso
1187 4284 1222 4357 in
