3159 5134
371 508 437 571 aaa
695 502 735 566 P.
774 501 960 569 ovum
988 500 1129 569 VITA

369 643 475 720 Mart
494 641 603 716 Ultori
615 639 775 743 templum
804 643 978 739 Augustus
1003 671 1067 717 suo
1089 641 1127 714 in
1150 642 1236 715 Foro
1263 641 1436 720 dteavoat.

371 756 474 855 Quod
491 754 599 828 valide
616 755 829 829 confirmatur
846 787 886 831 ex
902 755 1003 830 veteri
1026 754 1215 830 kalendario
1241 764 1273 841 ¹,
1298 786 1365 859 quo
1391 757 1434 830 ad

369 873 519 949 eumdem
537 872 622 946 diem
641 873 709 946 hau:
727 873 921 968 signantur:
939 876 1034 947 LUn.
1053 874 1174 948 Mica.
1193 890 1231 946 m
1248 891 1341 947 Ctttc.
1364 877 1433 948 Nee

368 990 568 1078 ibidem,nec
578 988 651 1062 aliis
661 986 929 1063 kalendariomm
938 989 1131 1084 fragmerstis
1139 988 1181 1062 ad
1192 987 1307 1076 ullum,
1319 1006 1438 1090 prater

369 1105 467 1184 illum
481 1105 566 1179 diem
581 1104 653 1179 ludi
670 1123 831 1180 notantur
847 1105 953 1180 Mam'
967 1105 1062 1181 sacri.

418 1224 466 1296 Ut
481 1250 560 1295 vero
577 1218 805 1296 difficultatem
819 1222 883 1297 bac
898 1222 933 1296 in
950 1249 986 1295 re
998 1250 1038 1295 ex
1052 1218 1182 1296 Velleio
1192 1237 1317 1295 motam
1333 1219 1440 1295 solvat

369 1340 647 1417 eminentissimus
657 1340 812 1415 Norisius
826 1350 851 1426 ²,
862 1340 932 1414 haee
942 1338 1076 1440 quidem
1090 1339 1230 1435 regerit:
1247 1339 1438 1436 «Quamvis

372 1491 390 1523 a
410 1455 578 1545 Velleius,
597 1457 739 1532 Caninio
765 1456 901 1532 consule
922 1455 1117 1544 nominato,
1135 1455 1295 1557 templum
1318 1453 1440 1529 Martis

372 1607 391 1639 »
413 1572 598 1646 dedicatum
612 1590 796 1661 recenseat,
813 1602 883 1647 non
900 1591 1011 1646 tamen
1028 1589 1107 1673 post
1122 1572 1186 1645 tat.
1199 1568 1332 1646 Jultizs³
1348 1570 1441 1644 dedi-

371 1722 390 1754 »
408 1688 496 1764 catio
512 1705 643 1789 peracta
660 1689 728 1763 suit
748 1720 755 1761 :
776 1718 854 1762 uam
871 1686 1104 1785 gladiatorium
1120 1705 1248 1766 tantum
1264 1717 1384 1762 munus
1400 1717 1440 1761 ae

373 1838 391 1870 »
411 1805 612 1879 Naumachia
629 1804 743 1880 eodem
766 1805 943 1881 consulum
959 1806 1102 1903 collegio
1124 1807 1309 1902 signantur,
1327 1807 1441 1882 addita

374 1955 391 1986 »
412 1939 529 2022 postea
552 1921 666 2024 templi
691 1923 813 1998 Martis
830 1923 1096 2011 consecratione,
1111 1951 1153 1996 ne
1171 1952 1239 1997 rem
1265 1924 1335 2023 ejus
1358 1924 1438 1998 anni

374 2069 391 2100 »
413 2036 658 2111 memorandam
681 2036 835 2111 omisisse
855 2035 1034 2110 videretur,
1055 2069 1072 2100 »
1099 2039 1147 2110 At
1164 2065 1267 2138 quum
1288 2036 1370 2111 milii
1393 2037 1440 2111 sit

371 2178 585 2252 persuasum,
601 2178 637 2224 ea
655 2148 841 2250 spectacula
856 2148 1057 2251 pertinuisse
1073 2149 1114 2223 ad
1131 2149 1235 2251 ipsam
1252 2149 1365 2253 templi
1379 2151 1438 2225 d'e-

372 2268 587 2353 dieationem3
607 2265 683 2339 ideo
705 2266 771 2365 jam
796 2265 875 2340 olim
893 2264 994 2340 malui
1011 2265 1136 2353 dicere,
1154 2265 1315 2343 Velleium
1336 2266 1437 2342 modo

369 2382 515 2459 voluisse
531 2412 569 2457 ea
586 2382 744 2482 temporis
758 2400 839 2456 nota
852 2382 955 2457 Μία
969 2380 1219 2478 relegationem,
1239 2383 1279 2458 de
1294 2413 1359 2487 qua
1371 2384 1437 2457 lruc

371 2500 446 2575 loco
462 2499 627 2600 praecipue
641 2500 725 2596 agit,
743 2497 893 2594 signare,
916 2526 954 2571 ac
973 2497 1172 2594 significare,
1189 2527 1258 2573 eam
1276 2518 1353 2600 post
1372 2500 1436 2575 ista

372 2615 557 2719 spectacula
576 2614 772 2711 contigisse,
790 2644 894 2716 quum
913 2643 1032 2716 nempe
1054 2616 1120 2714 jam
1136 2618 1309 2711 Augustus
1331 2618 1434 2690 alul.

371 2734 444 2809 Jut
464 2732 513 2807 vel
529 2734 572 2806 ab
590 2732 661 2807 aliis
675 2732 940 2834 quibuscumque
956 2731 1240 2818 antecedentibus,
1259 2734 1434 2808 Caninium

373 2848 532 2944 collegam
548 2849 582 2920 in
595 2847 768 2921 consulatu
783 2847 943 2929 haberet,
959 2864 995 2919 at
1011 2866 1085 2921 ante
1096 2844 1280 2946 Septembris
1292 2851 1433 2937 exitum,

372 2992 546 3066 quousque
563 2993 623 3066 per
638 2993 739 3038 novem
755 2992 885 3040 menses
900 2961 1108 3038 consulatum
1126 2962 1290 3059 gessisse⁴
1306 2965 1437 3041 videtur

371 3086 554 3178 Augustus.
566 3082 651 3177 Qua
660 3079 889 3180 interpretatio
901 3106 1039 3180 prorsus
1048 3076 1163 3154 Velleii
1176 3082 1344 3154 contextui
1359 3109 1435 3155 con·

371 3214 525 3272 seutanea
536 3193 720 3284 videbitur,
738 3195 766 3270 si
779 3196 923 3272 animum
934 3193 1039 3270 lector
1051 3213 1213 3272 attentum
1227 3196 1269 3273 ad
1282 3197 1434 3274 eumdem

322 3366 326 3374 .
369 3327 485 3385 vertat.

418 3422 529 3497 Aliam
541 3451 642 3524 porro
658 3420 884 3496 difficultatem
897 3423 1013 3522 objicit
1027 3424 1112 3510 Dio,
1129 3425 1198 3497 hec
1210 3423 1252 3497 ad
1265 3454 1318 3497 an.
1332 3426 1375 3497 U.
1390 3424 1432 3498 C.

404 3626 413 3657 ¹
432 3621 503 3676 Vide
516 3613 623 3675 Gruter.
634 3641 691 3692 pag.
706 3623 760 3676 133.

402 3717 415 3746 ²
432 3714 473 3768 De
490 3713 586 3768 Cenot.
600 3714 651 3768 Pis.
670 3733 727 3784 pag.
742 3715 795 3766 183,

402 3805 414 3840 ²
430 3806 562 3876 Aquilius
580 3805 706 3860 nimmum
720 3804 758 3858 Ill.
773 3804 815 3859 ille
830 3805 871 3859 rir
887 3818 976 3862 censet
988 3808 1106 3862 consules
1116 3805 1252 3873 suffectos,
1265 3805 1306 3861 his
1324 3807 1434 3875 Augusti

373 3890 550 3959 temporibus,
562 3891 642 3945 fasces
657 3891 760 3960 gessisse
775 3901 928 3956 semestrem
945 3893 1016 3963 quod
1028 3892 1055 3945 in
1074 3894 1212 3947 Fastorum
1223 3889 1375 3962 fragmentis
1385 3908 1434 3942 su·

371 3975 519 4046 perstitibus
534 3974 682 4042 videamus,
699 3978 840 4032 nonnullos
847 3977 873 4031 id
884 3996 966 4048 genus
975 3977 1094 4032 consules
1104 3979 1136 4032 ab
1148 3978 1241 4034 iisdem
1251 3975 1300 4030 kat
1313 3975 1366 4029 tut.
1375 3992 1435 4026 mv

372 4059 509 4128 gistratum
519 4058 595 4113 inire
610 4061 713 4113 Verum
723 4058 818 4115 exinde
833 4072 908 4115 certo
918 4062 1029 4116 minima
1038 4063 1155 4131 “quitur
1165 4101 1173 4127 ,
1186 4061 1322 4117 necetiam
1329 4055 1434 4113 stante

371 4142 513 4212 probatur,
528 4142 600 4197 hunc
613 4162 717 4196 morem
728 4143 836 4214 singulis
847 4155 999 4202 contantes
1006 4146 1082 4202 anuh
1092 4145 1241 4202 obtamus

404 4234 416 4270 ⁸
435 4234 505 4286 Vide
520 4233 582 4287 Jani
596 4233 757 4303 Templum,
776 4253 833 4304 pag.
847 4236 904 4304 327.
