3159 5134
457 549 554 616 nnn
578 549 611 614 J.
637 548 868 618 nasson.
1134 575 1196 647 109

128 690 185 764 nbi
207 708 327 764 notant
351 691 414 763 tria
436 689 577 764 indicari
591 693 772 767 necessaria
790 692 939 793 equitnm
956 691 1051 780 liliis,
1069 712 1106 767 ut
1122 722 1198 794 pos-

130 807 312 881 senteuriae
324 807 502 895 interesse,
525 818 569 879 1⁰.
587 835 690 907 opes,
707 835 932 882 senoensem:
952 819 1001 881 2⁰.
1018 809 1196 905 originem,

129 950 182 996 sen
204 921 368 996 natalium
393 920 621 1024 splendorem
639 941 673 997 et
689 923 738 996 3⁰.
758 924 921 1026 principis
945 924 1194 1022 indulgentiam.

130 1039 220 1113 Hanc
244 1057 285 1114 nt
311 1041 451 1141 insuper
476 1039 687 1126 confirment,
707 1058 741 1111 et
757 1038 821 1112 alia
837 1039 1013 1140 proferunt
1028 1042 1197 1144 exempla,

132 1158 252 1258 quibus
281 1175 374 1258 patet
399 1155 636 1259 imperatorum
655 1154 818 1231 beneficio
841 1154 944 1238 latum
967 1157 1094 1233 olavum
1120 1161 1199 1235 viris

131 1301 165 1346 ex
181 1274 327 1375 equestri
341 1273 457 1348 ordine
469 1301 675 1348 eoncessum.
694 1273 761 1348 Sed
777 1302 881 1374 quum
897 1291 931 1348 et
945 1302 985 1349 ex
997 1273 1071 1350 aliis
1089 1304 1198 1376 qnam·

131 1389 283 1491 plurimis
302 1409 452 1480 constet,
475 1392 566 1466 viros
584 1419 721 1492 quoque
737 1391 829 1468 haud
843 1389 1003 1466 natalium
1021 1392 1199 1494 splendore

131 1507 231 1583 claros
249 1507 467 1596 laticlaviam,
482 1536 520 1582 ac
537 1507 736 1584 senatoriam
750 1507 943 1606 dignitatem
958 1537 977 1582 a
990 1508 1198 1610 principibus

130 1625 340 1726 impetrasse,
367 1653 438 1699 non
462 1624 557 1697 video
581 1623 661 1725 quid
685 1624 814 1725 equites
832 1622 999 1725 splendidi
1017 1624 1079 1697 bac
1106 1626 1142 1698 in
1163 1655 1198 1703 re

130 1739 290 1839 peculiare
317 1738 519 1826 habuerint3
542 1737 779 1840 nisi'dieamus
800 1737 854 1811 his
878 1734 981 1811 latum
999 1734 1126 1811 clavum
1147 1739 1199 1812 fa-

130 1856 201 1942 cile,
216 1874 253 1931 et
266 1858 378 1932 statim
394 1887 431 1932 ae
446 1857 631 1959 petierant,
646 1854 759 1930 datum
773 1856 896 1945 l'uisse,
914 1883 1013 1956 quem
1025 1854 1082 1929 alii
1095 1857 1149 1929 vix
1161 1886 1198 1932 ao

130 2003 242 2073 magna
260 1992 390 2049 tantum
407 1974 512 2069 gratia
530 1972 749 2048 obtinuerint

174 2094 222 2166 Ut
237 2110 278 2166 ut
293 2091 356 2178 sit,
375 2090 439 2163 tria
455 2087 571 2164 saltem
587 2087 639 2163 vel
656 2117 696 2163 ex
717 2091 850 2164 Nasone
876 2109 993 2165 nostro
1017 2083 1195 2181 constant:

135 2223 174 2283 1⁰.
189 2210 394 2285 Loticlnttizm
407 2208 552 2282 tunicam
567 2207 633 2306 jam
648 2207 713 2281 boe
727 2225 879 2309 tempore
897 2225 930 2281 et
946 2207 1197 2310 splendidorum

129 2328 272 2430 equiturn,
291 2355 352 2401 neo
364 2325 469 2408 modo,
478 2340 689 2412 senatorum,
706 2322 843 2414 liberis,
860 2327 1095 2401 sirenatalium
1107 2328 1196 2427 jure,

130 2441 362 2517 sivebenelieio
377 2460 410 2516 et
423 2440 648 2536 indulgentia,
668 2467 856 2513 concessam
874 2439 995 2528 [nisse;
1009 2459 1109 2543 atque
1122 2471 1197 2543 pro

130 2557 218 2648 inde,
247 2558 298 2633 uti
315 2559 381 2659 jam
397 2558 515 2659 Lipsio
541 2573 575 2631 et
601 2555 760 2631 Rubenio
783 2573 934 2630 notatum
954 2573 1025 2645 est,
1053 2556 1198 2632 Dionem

129 2673 206 2773 quid
216 2673 412 2748 humanitus
421 2700 555 2774 passum
567 2698 658 2760 esse,
673 2670 751 2743 dum
761 2669 937 2742 affirmavit
955 2678 976 2756 ¹,
988 2687 1064 2743 ante
1079 2671 1196 2745 Caium

129 2787 311 2886 Caligulam
325 2788 461 2864 nonnisi
472 2788 545 2862 solis
555 2787 704 2862 senoton'o
713 2812 825 2887 genere
837 2787 916 2859 notis
928 2785 1047 2884 (μόνοις
1060 2801 1123 2869 πῶς
1136 2800 1194 2871 τοῖς

128 2913 156 2979 t'a
176 2922 225 2983 τοῦ
250 2914 440 3003 βουλευτικοῦ
455 2915 546 3006 φύλου
564 2922 760 3004 γεγενημένοις
771 2907 787 2997 )
797 2904 976 3004 permissum
993 2905 1095 2980 luisse
1111 2935 1197 2981 usum

127 3030 217 3102 vestis
233 3028 417 3114 uomodo,
442 3041 601 3125 antequam
615 3023 822 3124 ttewitmtum
837 3021 933 3095 ultum
946 3022 1120 3120 gessissent,
1138 3053 1197 3125 qno

127 3143 225 3216 adsto
244 3144 276 3216 in
300 3158 436 3216 senatum
451 3155 592 3241 paratur.
618 3150 666 3212 2⁰.
694 3140 831 3213 Certum
854 3156 923 3226 est,
943 3137 1047 3218 latum
1070 3139 1196 3215 olavum

127 3254 192 3331 illis
208 3258 324 3331 datum
341 3257 377 3329 iu
391 3284 473 3358 spem
487 3253 603 3327 ardetis
621 3254 783 3338 numeni,
806 3270 844 3326 ut
860 3250 1009 3354 loquitur
1023 3254 1090 3326 Dio
1107 3253 1195 3355 apud

127 3372 338 3475 Xiphilinum
350 3381 376 3461 ²,
385 3372 425 3446 de
436 3370 529 3445 lulio
545 3366 705 3444 Cultostro
716 3365 945 3454 adolescente,
960 3369 1017 3468 qui
1030 3371 1060 3441 ei
1077 3370 1198 3443 dicitur

126 3496 351 3588 κεχιλιαίρχηκὼς
375 3495 404 3569 ἐς
419 3493 554 3579 βουλείας
572 3489 694 3571 ἐλπίδας
715 3483 840 3585 quique
855 3483 941 3557 idem
956 3484 1075 3584 procul
1093 3485 1197 3560 dubio

126 3634 278 3706 aequem
300 3604 481 3679 Suetonius
500 3600 511 3641 ³
531 3602 773 3676 innominatum
790 3615 887 3673 vocat
907 3598 1058 3673 tnbunum
1078 3602 1197 3675 loticlo-

126 3782 189 3834 crati
196 3780 232 3834 ob
244 3779 352 3833 filiolam
364 3795 455 3832 recens
465 3786 555 3830 natam
564 3774 697 3844 gratulari,
708 3790 790 3840 quum
799 3770 854 3824 duo
862 3780 923 3822 ante
934 3767 980 3821 sitii
989 3768 1100 3822 luissent
1110 3769 1197 3823 eidem

125 3866 196 3929 nati3
209 3875 288 3933 atque
301 3873 406 3933 poetam
418 3861 467 3915 sub
479 3858 656 3930 disjunctione
668 3867 695 3910 et
708 3855 816 3909 filiolam
827 3857 893 3907 hanc
905 3862 933 3906 et
945 3853 1036 3905 ambos
1052 3850 1119 3905 filios
1131 3863 1197 3906 tan-

125 3968 204 4019 gere,
218 3960 247 4003 ut
259 3948 344 4014 dicat,
358 3956 385 3999 et
397 3935 561 3998 nobilitatem
573 3952 601 3995 et
613 3960 674 4011 opes
685 3938 857 4009 permittere,
871 3938 960 3998 Hanc,
983 3934 1075 4003 idest,
1084 3939 1196 4006 filiolam

125 4035 217 4106 primis
229 4033 328 4103 nuptiis
339 4031 444 4102 patritio
455 4028 546 4098 juveni
556 4026 673 4093 nubere,
686 4026 743 4077 Hos
754 4042 834 4088 vero,
848 4021 941 4090 idest,
954 4021 1103 4090 Buosfilr‘os
1114 4022 1197 4076 latum

125 4119 230 4173 clavum
244 4137 318 4187 posse
331 4115 454 4178 induere,
468 4122 517 4166 etc.

161 4207 170 4238 ¹
191 4204 247 4256 Lib.
260 4202 323 4256 le
333 4242 341 4268 ,
352 4221 409 4270 pag.
420 4198 470 4266 646
481 4207 509 4251 et
519 4197 577 4267 647.

157 4291 171 4321 ²
188 4287 246 4340 Lib.
262 4284 387 4350 vass,
404 4302 461 4353 pag.
475 4281 531 4353 764.

157 4368 170 4403 ³
186 4372 220 4429 ln
234 4369 335 4425 Domit
345 4387 401 4440 cap.
415 4386 452 4421 ιο.
