3159 5134
454 539 552 605 PER
575 539 609 605 J.
635 536 864 607 MASSON.
1136 543 1196 606 125

127 681 188 784 qui
206 698 241 754 et
255 678 398 753 Juoorio
424 705 513 753 sacro
537 699 652 767 voeat;
676 680 756 755 hino
784 677 967 752 Frontinus
994 676 1034 754 de
1061 679 1199 756 coloniis

126 795 259 869 Tuscia
274 824 282 866 :
303 791 452 877 Coloneu,
470 792 597 894 inquit,
612 793 752 868 Junoniu
767 821 836 895 pua
846 792 1024 895 adpellitur
1037 795 1199 870 Faliscos:

130 909 246 984 mirari
262 908 318 982 hie
335 905 452 995 liceat,
477 924 603 982 tantum
620 910 727 983 virum
752 908 871 982 Ezech.
896 907 1114 1008 Spuriemium
1135 940 1201 1012 po-

130 1025 234 1098 tuisse
244 1022 390 1097 Faliscos
401 1022 501 1096 hosce
513 1023 654 1097 Etmriae
666 1023 812 1126 populos
821 1052 895 1095 eum
907 1023 1029 1126 Folepi's
1041 1025 1075 1097 iu
1087 1055 1203 1121 magna

134 1138 260 1212 Gracia
278 1137 351 1212 sitis
367 1135 589 1223 confundere,
604 1138 684 1211 dum
698 1154 748 1211 tot
762 1137 941 1238 scriptores
952 1158 1126 1228 memorat,
1145 1143 1203 1244 qni

132 1253 269 1329 meliora
284 1251 491 1341 docuissent,
504 1253 533 1326 si
545 1252 588 1328 ad
601 1280 714 1327 eorum
727 1251 830 1325 rerba
842 1251 988 1326 animum
1000 1253 1200 1330 advertisset.

133 1372 211 1446 Vid.
237 1370 299 1445 lib.
325 1370 364 1444 de
389 1363 501 1445 Praest.
530 1370 695 1444 Nomium.
714 1388 794 1443 tom.
816 1373 851 1457 Ι,
868 1396 943 1469 pag.
968 1397 1152 1474 107-109‚
1169 1393 1203 1449 et

135 1489 293 1566 Horduin.
313 1489 353 1562 de
371 1489 470 1562 Num.
489 1488 600 1602 Popp.
618 1488 655 1560 in
670 1488 760 1563 verb.
779 1513 947 1575 esserum
975 1490 1035 1564 ubi
1053 1492 1203 1568 eumdem

137 1607 288 1709 sequitur
303 1630 462 1688 errorem,
479 1621 541 1678 etc.

182 1727 244 1798 Vl.
274 1721 444 1799 Addamus
463 1738 494 1794 et
512 1721 578 1795 hoc
596 1719 672 1793 loco
690 1749 762 1820 quae
779 1722 820 1794 de
835 1720 923 1795 tertio
941 1724 1079 1823 conjuge
1093 1723 1206 1824 prodit

137 1845 281 1926 Noster,
299 1868 402 1939 quum
415 1865 528 1912 verum
539 1864 603 1910 uos
618 1836 724 1931 fugiat
737 1853 886 1938 tempus,
905 1866 972 1938 quo
982 1866 1052 1912 eam
1063 1839 1202 1912 duxerit.

138 1957 238 2030 Trist.
259 1953 320 2027 lib.
339 1956 398 2041 lv,
414 1952 508 2048 Eleg.
528 1973 571 2037 x,
592 1979 673 2024 vers.
694 1947 739 2051 73
755 1968 789 2024 et
807 1950 871 2049 74,
889 1951 957 2024 ait:

310 2110 407 2162 Ultima
420 2127 478 2176 quse
490 2125 594 2161 mecum
607 2125 679 2160 seros
691 2103 833 2175 permansit
845 2104 873 2157 in
884 2122 984 2168 anuos,

339 2196 471 2252 Sustinuit
483 2198 577 2264 conjux
590 2194 682 2250 exsrdis
693 2214 748 2249 esse
760 2194 817 2247 viri.

142 2342 225 2438 Quae
246 2367 288 2411 an
308 2335 408 2409 fuerit
424 2332 523 2405 Fabii
543 2331 683 2405 Moseini
698 2329 848 2431 (dequo
866 2328 961 2431 plura
975 2330 1014 2404 ad
1031 2360 1082 2406 an.
1101 2335 1144 2407 U.
1165 2336 1203 2408 C.

143 2471 314 2532 ltcctxvtl
328 2457 363 2548 ),
378 2479 436 2527 seu
449 2451 562 2552 potius
576 2448 726 2548 conjugis
739 2448 872 2522 Mareiae
884 2447 1007 2537 affinis,
1021 2449 1109 2524 baud
1120 2471 1206 2529 recte

143 2569 280 2673 Lipsius
298 2578 307 2608 ¹
328 2566 411 2642 mihi
423 2566 552 2639 videtur
565 2564 688 2638 dubius
703 2564 842 2649 haerere3
857 2563 1018 2664 siquidem
1031 2565 1115 2640 clare
1128 2570 1207 2644 satis

146 2685 298 2771 Ouidius,
318 2713 389 2758 eam
403 2683 444 2757 ad
462 2682 571 2783 ipsum
585 2680 722 2753 Fabium
739 2673 957 2779 pertinuisse,
975 2680 1089 2769 docet,
1109 2684 1205 2757 Pont.

145 2800 202 2876 tib.
225 2802 258 2888 l,
279 2802 346 2899 Ep.
366 2815 416 2882 11,
430 2796 509 2869 huic
526 2794 702 2894 iuscripta,
721 2820 803 2865 vers.
830 2789 917 2863 138:

314 2960 361 3014 ltte
373 2977 439 3030 ego,
454 2957 486 3010 de
499 2966 583 3010 vestra
594 2955 636 3010 cui
648 2953 707 3007 data
720 2963 803 3022 nupta
813 2955 892 3006 domo.
991 2978 998 2990 ·

148 3099 273 3172 Cetera
294 3122 370 3166 vero
392 3119 469 3165 mox
488 3088 663 3189 subjuncta
680 3086 828 3159 indicant
844 3085 961 3173 modo,
980 3084 1123 3160 eamdem
1142 3089 1210 3162 Na·

149 3215 240 3289 sonis
256 3239 393 3287 uxorem
412 3208 551 3284 amicitia
575 3205 709 3279 Marcia
734 3204 835 3277 inisse
855 3204 1077 3301 conjunctam,
1097 3233 1210 3305 quem-

149 3329 325 3405 admodum
343 3345 376 3401 et
392 3342 468 3400 ante
485 3323 591 3398 suerat
608 3338 788 3394 matertera
807 3318 942 3391 Caesaris
958 3320 1126 3416 Augusti:

312 3485 389 3538 Hauc
400 3483 508 3554 probat,
523 3489 550 3534 et
563 3478 649 3551 primo
661 3482 777 3532 dilectam
789 3496 893 3548 semper
906 3477 937 3530 ab
949 3496 1005 3532 aevo

345 3572 394 3627 Est
406 3573 475 3626 inter
487 3576 590 3625 coner'tes
601 3571 701 3622 Marcia
713 3588 788 3621 censa
802 3588 860 3622 suas
870 3589 877 3632 ;

313 3665 397 3734 Inque
410 3664 462 3716 suis
474 3662 564 3715 habuit
576 3667 707 3715 matertera
721 3662 829 3712 Cesaris
841 3670 901 3712 ante
913 3679 919 3711 :

347 3755 470 3825 Quarum
484 3753 581 3823 judicio
593 3752 615 3806 si
628 3770 679 3821 qus
691 3751 814 3819 probata,
828 3750 908 3819 proba
920 3760 974 3817 est,
988 3762 1036 3806 etc.

151 3891 213 3965 Bis
225 3888 310 3964 adde
328 3915 367 3961 ex
383 3888 512 3974 Ponto,
530 3884 589 3958 lib.
609 3887 677 3972 ΙΙΙ,
695 3883 803 3985 Epist.
822 3904 853 3973 1,
870 3913 952 3958 vers.
974 3885 1101 3986 75·78;
1121 3890 1208 3964 Fast.

150 4007 209 4082 lib.
228 4010 277 4082 Vl
294 4007 358 4082 sub
373 4005 428 4078 fin.
446 4003 500 4076 Ad
515 4003 660 4076 Macrum
675 4029 810 4102 quoque
823 4002 1061 4077 necessitudine
1073 4007 1212 4106 quadam

151 4122 299 4198 eamdem
314 4121 504 4206 attinuisse,
522 4117 627 4220 liquet
642 4146 681 4191 ex
699 4119 798 4192 Pont.
818 4115 876 4191 lib.
894 4121 948 4206 ll,
965 4122 1028 4220 Ep.
1046 4142 1091 4208 x,
1107 4152 1155 4197 vs.
1171 4122 1213 4195 8:

185 4300 194 4330 ¹
212 4296 244 4349 ln
258 4296 343 4349 Tacit.
354 4291 452 4347 Annei.
464 4292 506 4348 tit.
516 4290 542 4358 Ι,
554 4309 609 4359 cap.
622 4311 644 4342 a.
