3159 5134
424 535 489 604 ET
514 534 893 605 PRAEFATIONES.
1131 535 1197 603 313

126 673 427 777 locupletissimus,
444 674 604 752 et'laudat
619 675 825 753 clementiam
842 693 1026 779 preceptor
1043 678 1199 752 Neronis.

127 794 295 867 Neronem
313 791 353 866 de
370 792 533 868 industria
545 794 732 882 nominavi,
751 813 791 868 ut
806 824 845 869 ex
864 824 947 882 ovo,
964 792 1070 897 qualie
1083 820 1204 868 corvus

127 909 247 996 fuerit,
267 908 444 985 aestimetis.
462 912 507 983 Et
523 910 692 1012 quomodo
715 910 832 986 suisset
848 938 962 1011 aequus
978 909 1100 984 Seneca
1121 909 1204 984 ovi-

130 1025 206 1115 dio,
225 1027 282 1128 qui
296 1028 485 1116 Hermen,
503 1028 668 1103 communi
682 1046 855 1131 poetarum
866 1028 1014 1129 parenti,
1034 1046 1204 1130 quotquot

131 1170 232 1217 aureo
253 1141 313 1216 iilo
330 1146 437 1218 exorti
461 1162 540 1219 sunt
556 1146 702 1242 Augusti
720 1143 850 1233 seculo,
870 1165 936 1220 tam
953 1146 1102 1220 infensus
1118 1144 1205 1235 suit,

133 1275 167 1331 et
184 1258 255 1357 ejus
271 1285 399 1346 mores,
415 1258 516 1345 fucta,
535 1257 639 1347 dicta,
654 1260 753 1334 verba
770 1262 913 1362 denique
927 1259 1058 1358 singula
1069 1260 1117 1335 sic
1133 1287 1205 1334 ear·

133 1374 203 1476 pit,
226 1392 266 1448 ut
280 1373 431 1448 videatur
446 1374 482 1447 in
498 1402 537 1449 eo
554 1393 722 1450 mustaceo
740 1375 921 1452 laureolam
937 1405 1102 1479 quaerere;
1120 1393 1154 1450 et
1168 1376 1204 1449 in

134 1490 260 1574 vimen,
277 1506 355 1590 post
369 1489 523 1564 homines
539 1508 637 1566 natos
654 1491 838 1593 optimum,
856 1487 1206 1568 beneficentissimam-

44 1697 46 1700 ·
137 1633 218 1706 que,
235 1603 415 1699 malignum
434 1603 614 1705 petulantis
630 1599 753 1701 linguar
774 1607 865 1680 virus
882 1605 1042 1681 effundat.
1064 1607 1133 1681 Ista
1157 1608 1207 1682 ri-

138 1717 363 1796 deiioetnreiia
379 1719 496 1817 legerit
510 1721 677 1822 quondam
688 1721 866 1796 exsulenter
876 1717 1092 1824 Cortio’ntpes
1103 1723 1204 1798 mani.

137 1836 173 1909 si
188 1835 258 1910 haee
276 1834 311 1908 iu
335 1835 491 1910 Senecam
510 1836 680 1925 acerbius,
706 1834 887 1931 ignoscite;
912 1863 952 1909 eo
968 1863 1021 1910 me
1036 1838 1219 1938 provexit„

137 1979 206 2026 nou
223 1953 338 2027 odium
355 1953 503 2038 Seneca,
518 1952 576 2027 sed
592 1953 782 2026 Macenatis
800 1979 906 2040 amor;
924 1972 958 2028 et
973 1954 1048 2027 Hoc
1058 1955 1088 2028 si
1096 1954 1207 2028 crimen

138 2067 206 2154 επὶ,
225 2086 265 2142 ut
281 2067 327 2142 ait
343 2068 554 2170 Propertius,
571 2069 682 2143 crimen
697 2067 809 2144 amoni
824 2069 890 2143 en't.
908 2069 1021 2177 Noliru
1036 2070 1094 2148 illo
1106 2088 1206 2173 pacto

138 2182 262 2259 violare
271 2184 478 2260 sanctitatem
487 2184 633 2259 manium
649 2215 657 2259 :
672 2215 785 2263 verum
795 2216 865 2262 non
878 2205 944 2263 tam
958 2205 1010 2266 ert
1021 2188 1207 2264 immanitas

140 2298 261 2374 violare
274 2328 402 2387 manes,
415 2328 515 2402 quam
526 2301 717 2378 humanitas
729 2301 871 2377 violatos
880 2331 992 2378 manee
1005 2301 1128 2379 ulcisci.
1147 2303 1206 2378 Sa·

141 2419 281 2494 &faeiat
296 2418 420 2494 ovidio
434 2438 469 2493 et
481 2419 672 2510 Maecenati,
690 2441 751 2515 ego
769 2447 844 2494 cum
860 2419 920 2494 illo
936 2420 1062 2496 rediero
1079 2420 1115 2494 in
1132 2448 1207 2517 gra-

141 2536 229 2611 tiam.
248 2533 364 2610 Sentio
380 2531 414 2610 et
428 2533 548 2638 loquor
564 2554 603 2610 ut
618 2534 795 2613 Plautinus
807 2537 931 2612 Tranio
949 2538 984 2611 in
1001 2539 1205 2614 Mercatore:

140 2650 229 2726 Mihi
231 2678 304 2752 poe
312 2665 358 2724 est
366 2678 433 2724 cuer
442 2651 576 2725 orortuis.

304 2821 371 2878 0³⁸2
385 2824 489 2892 quieta,
502 2844 611 2894 precor,
626 2836 682 2879 tuta
693 2825 848 2896 requiescite
861 2826 888 2878 in
902 2845 985 2890 urna,

334 2914 370 2967 Et
381 2914 414 2969 rit
426 2913 522 2968 humus
533 2916 615 2970 cineri
627 2936 682 2971 non
695 2935 807 2971 onerosa
819 2935 876 2971 suo.

527 3054 815 3080 mmm

410 3224 664 3299 ulcotnl
705 3226 928 3299 HEINSH

568 3412 656 3452 ΑΜΕ
678 3414 785 3455 lons

170 3545 214 3601 ΙΝ
237 3541 670 3599 METAMORPHOSES
695 3541 856 3598 ovlnlt
887 3539 1175 3608 numento,

458 3695 564 3742 veno
590 3687 920 3757 ιἰειιιιὼυετιιψΙ

271 3837 615 3927 connino
652 3836 1077 3946 unonlnoro,

363 4013 535 4066 ulmum
552 4015 825 4060 eusnmtmnrtstt
834 4016 987 4062 ,eniterent

308 4153 372 4209 No!
384 4152 626 4223 Agamemoniurn
637 4150 764 4221 Strophio
778 4153 815 4206 sie
825 4162 902 4207 natue
914 4152 1045 4218 Oresten,

341 4243 445 4302 Theren
455 4242 568 4315 eoeperit
583 4242 766 4312 Pinnamque
778 4259 873 4310 suurn,
