3159 5134
365 526 409 592 56
753 521 1046 591 EXCURSUS

363 667 409 739 Et
425 664 510 738 ista:

561 804 618 857 Aut
630 804 671 873 pia
684 814 710 857 te
722 822 789 857 cneo
801 803 904 858 dicatur
915 802 1048 869 adultera,
1063 800 1129 856 sicut

599 893 662 963 Qua
675 893 769 948 cecidit
783 894 890 949 Leucon
903 893 1021 961 vindice,
1033 893 1100 946 dicta
1113 890 1155 961 pia
1167 902 1215 945 eat.

364 1013 448 1084 ltem
468 1007 523 1082 illa
542 1038 551 1082 ε

567 1155 691 1210 AEthalon
704 1166 735 1209 ut
745 1156 798 1208 rita
808 1155 927 1225 spoliarit
936 1153 1029 1210 lsidiua
1039 1155 1150 1223 hospes,

598 1248 688 1317 Quem
702 1266 807 1302 memor
817 1267 831 1301 a
843 1247 920 1303 saerb
933 1266 1006 1300 nnnc
1017 1265 1122 1316 quoque
1136 1243 1208 1313 pellit
1222 1242 1260 1296 lo.

436 1334 439 1341 Δ
561 1340 653 1408 thue
664 1338 850 1393 Melantheurn
863 1338 979 1392 tenebris
990 1357 1004 1391 a
1014 1337 1084 1391 rede
1096 1335 1223 1389 latentem

603 1429 725 1484 Prodidit
737 1429 827 1484 oftieio
840 1428 947 1483 luminis
958 1429 1012 1499 ipsa
1021 1446 1124 1499 parens.

367 1576 414 1646 Et
432 1572 571 1659 similia,
596 1601 739 1674 quorum
768 1573 1000 1674 interpretatio
1025 1570 1165 1672 peteuda
1193 1587 1280 1644 esset
1304 1569 1345 1643 ab
1369 1569 1439 1644 illis

369 1690 610 1791 scriptoribus,
626 1690 701 1792 qui,
721 1690 880 1791 temporis
896 1690 1016 1789 injuria
1028 1688 1160 1777 amissi,
1177 1687 1270 1762 triste
1287 1686 1385 1761 nobis
1403 1704 1437 1761 et

368 1805 522 1880 acerbum
534 1805 586 1881 sui
596 1805 794 1881 desiderium
806 1805 1011 1908 reliquerunt
1025 1838 1032 1880 :
1046 1807 1101 1881 bie
1112 1807 1200 1880 enim
1213 1805 1334 1881 sabulo
1347 1833 1438 1905 quae·

369 1922 444 1997 dam
460 1924 527 1997 sive
551 1923 699 1997 historia
725 1940 925 2019 tanguntur,
953 1953 1092 2025 quarum
1115 1923 1203 2025 apud
1222 1951 1325 1997 unum
1348 1921 1437 1995 dun-

370 2055 461 2112 taxat
480 2056 649 2113 auctorem
669 2040 794 2114 mentio
813 2058 879 2127 est,
902 2068 1000 2140 quem
1016 2040 1045 2113 si
1065 2038 1149 2114 forte
1166 2037 1342 2112 desiderari
1356 2065 1436 2111 eon·

370 2155 516 2251 tigisset,
535 2156 574 2229 de
593 2184 704 2229 earum
721 2157 925 2231 enarratione
943 2153 1060 2256 procul
1082 2153 1184 2228 dubio
1213 2170 1321 2229 aetum
1338 2169 1433 2226 esset.

369 2270 534 2344 Nimirum
551 2270 664 2344 Achaei
682 2270 900 2372 supplicium,
914 2272 1008 2371 cujus
1021 2269 1171 2345 meminit
1184 2268 1324 2343 Ovidius
1339 2295 1436 2341 versu

371 2384 438 2459 301
455 2443 465 2474 ,
482 2414 571 2459 unus
588 2384 751 2486 Polybius
768 2406 1014 2462 commemorat.
1035 2386 1171 2489 Pyrrhi,
1188 2383 1329 2460 Achillis
1351 2382 1434 2470 lilii,

369 2501 527 2604 reliquias
549 2530 610 2602 per
629 2503 813 2579 Ambraciae
838 2503 908 2577 vias
926 2503 1077 2604 disjectas
1099 2531 1194 2592 esse,
1220 2501 1354 2602 Hygino
1373 2497 1437 2574 soli

371 2647 446 2693 curn
459 2621 592 2692 Nasone
604 2619 766 2694 convenit
784 2620 835 2694 lte
847 2619 1119 2721 Eurydamantea
1132 2619 1266 2692 Simone
1277 2618 1435 2692 Larisaaeo

371 2734 455 2809 ciem
473 2732 638 2835 Thrasylli
656 2733 821 2809 tumulum
844 2752 994 2836 raptato,
1013 2753 1132 2837 preter
1148 2734 1306 2810 Ovidium
1326 2753 1358 2808 et
1373 2735 1436 2809 Di·

371 2851 523 2952 dymurn,
539 2851 675 2924 llomeri
688 2851 897 2926 Scholiasten
906 2853 950 2926 ad
963 2852 1057 2926 lliad.
1083 2873 1122 2939 x,
1141 2880 1238 2927 nemo
1255 2850 1435 2952 quidquam

368 2967 535 3042 memoriae
546 2967 704 3067 prodidit.
714 2968 862 3042 Thasum
875 2968 974 3042 etiam
984 2997 1003 3042 a
1012 2968 1149 3043 canibus
1158 2967 1334 3044 laceratum
1346 2972 1436 3043 Naso

370 3083 530 3157 dunuxat
556 3099 589 3156 et
615 3080 769 3183 Hyginus
795 3084 988 3159 retulerunt.
1027 3088 1110 3160 ltem
1138 3111 1268 3160 carmen
1291 3083 1358 3185 507
1390 3084 1434 3158 ab

369 3200 469 3273 unico
486 3198 637 3272 Diodoro
657 3197 857 3288 illustratur,
876 3219 964 3275 utet
980 3229 1093 3276 versus
1115 3199 1181 3274 531
1210 3201 1253 3275 ab
1272 3201 1436 3304 epigram·

369 3331 455 3387 mate
470 3318 586 3408 ἀδήλῳ,
607 3311 665 3385 lib.
681 3315 730 3385 lll
748 3313 976 3408 Anthologiae3
991 3333 1029 3389 ut
1042 3313 1198 3389 credibile
1211 3314 1270 3403 sit,
1286 3312 1435 3415 quedam

368 3429 424 3504 hic
442 3458 512 3505 esse
529 3431 648 3519 obvia,
667 3458 739 3531 quae
756 3432 785 3504 si
802 3432 878 3533 quis
894 3432 975 3507 alibi
993 3461 1138 3535 quaerere
1154 3432 1254 3520 velit,
1277 3459 1431 3533 operam,

371 3547 470 3620 credo
488 3604 497 3634 ,
523 3574 653 3620 omnem
670 3545 794 3620 luserit.
817 3548 873 3621 Sic
890 3549 979 3650 apud
997 3550 1271 3651 Lycophronem,
1289 3548 1435 3624 historie

371 3664 519 3764 qraedzun
527 3678 672 3749 exstant,
688 3691 769 3764 quas
778 3692 876 3739 nemo
887 3665 972 3740 alius
986 3667 1114 3762 attigit,
1128 3684 1166 3741 ut
1177 3665 1303 3768 Prylis‚
1317 3664 1433 3749 Midan

370 3798 404 3854 et
424 3777 584 3853 vocabula
605 3807 675 3852 non
696 3807 820 3880 pauca,
849 3783 971 3883 quibus
987 3801 1105 3883 prater
1125 3811 1200 3858 eum
1220 3783 1332 3858 nullus
1353 3811 1435 3857 usus

371 3911 442 3978 est,
470 3891 578 3993 qualia
608 3901 762 3995 φύλαμος,
793 3903 875 3993 talpae
894 3955 903 3985 ‚
925 3903 1041 3998 πὲῤῥα,
1066 3905 1183 3980 natta:-
1217 3898 1299 3995 Ejus
1327 3914 1434 3970 tamen

369 4004 616 4095 Alexandrum,
644 4008 712 4081 sive
737 4009 980 4099 Cassandram,
1008 4012 1157 4113 quamvis
1174 4009 1432 4094 tenebricosam,

369 4122 536 4223 poematio
561 4139 675 4198 nostro
700 4123 926 4201 obscuriorem
949 4154 1019 4201 csse
1043 4126 1212 4201 Domitius
1229 4152 1299 4198 non
1315 4150 1433 4197 conce-

369 4237 426 4313 dit.
447 4238 502 4314 Sic
515 4236 602 4313 enim
613 4238 821 4341 peroratione
833 4242 1152 4320 Commentariorum
1162 4272 1297 4320 suorum
1312 4271 1320 4315 τ
1338 4275 1354 4307 α
1367 4243 1433 4341 Ly-
