3159 5134
364 499 408 564 86
635 501 674 563 P.
702 497 890 564 OVIDII
914 497 1158 566 NASONIS

363 639 504 745 Scripsit
516 655 551 712 et
562 637 714 712 Medeam
727 638 936 734 tragoediam,
956 638 997 713 de
1012 666 1075 740 qua
1092 638 1230 713 maxime
1243 656 1276 712 et
1291 668 1310 713 a
1326 640 1435 737 Quin·

363 758 496 845 tiliano,
512 773 573 829 eta
586 755 741 830 Cornelio
750 757 866 832 Tacito
876 755 1030 833 laudatus
1042 774 1114 832 est:
1130 756 1177 831 ait
1189 758 1276 832 enim
1287 758 1432 835 Fabius:

364 871 477 949 Ovidii
486 870 604 948 Medea
615 871 778 960 ostendit,
791 889 953 973 qnantum
967 874 1017 948 vir
1028 872 1084 947 ille
1096 891 1249 975 praestare
1264 876 1431 976 potuerit,

365 990 392 1062 si
402 987 603 1084 ingeniosuo
613 1006 791 1092 temperare
800 1046 809 1077 ,
818 1018 915 1091 (pram
924 988 1095 1085 indulgere
1104 988 1282 1064 maluisset
1294 990 1433 1065 Summo

364 1108 460 1182 etiam
477 1135 551 1181 eum
569 1106 670 1181 luisse
686 1105 810 1206 judicio
829 1106 974 1182 ostendit
991 1107 1130 1194 Seneca,
1155 1108 1190 1181 in
1210 1109 1244 1181 ll
1262 1107 1435 1184 Declama-

365 1224 495 1297 tionum
512 1222 559 1297 sic
570 1222 724 1324 inquiens
735 1254 742 1296 :
754 1225 907 1319 Rogatus
919 1222 1098 1324 aliquando
1112 1223 1156 1296 ab
1169 1222 1280 1298 amicis
1291 1225 1380 1314 suis,
1395 1242 1435 1298 ut

366 1340 495 1416 tolleret
511 1358 578 1416 tres
594 1369 728 1429 versus,
745 1341 862 1441 petivit
874 1341 1037 1429 invicem,
1056 1357 1094 1413 ut
1112 1358 1180 1414 tres
1196 1341 1381 1443 exciperet,
1398 1342 1436 1414 in

367 1487 452 1559 quos
466 1447 534 1531 illis
550 1456 634 1531 nihil
648 1454 770 1532 liceret.
789 1456 1064 1560 Conscripserant
1081 1456 1148 1544 illi,
1168 1485 1253 1558 quos
1270 1455 1343 1530 tolli
1365 1454 1436 1530 vel·

367 1574 456 1664 lent,
472 1593 596 1650 secreto
613 1574 669 1648 hic
687 1603 774 1676 quos
790 1592 882 1651 tutos
898 1604 969 1651 esse
985 1574 1093 1651 vellet.
1118 1579 1164 1649 lu
1175 1575 1325 1677 utrisque
1342 1574 1438 1649 codi-

371 1689 458 1767 cillis
473 1691 572 1766 iidem
588 1720 703 1767 versus
716 1709 819 1766 eraut.
843 1694 895 1766 Ex
911 1692 1037 1794 quibus
1053 1692 1198 1794 primunr
1213 1691 1313 1767 fuisse
1328 1719 1438 1766 narrar

367 1810 426 1886 bat
442 1808 669 1886 Albinovanus
686 1810 797 1899 Pedo,
818 1812 875 1913 qui
891 1810 978 1885 inter
991 1810 1136 1886 arbitros
1152 1809 1241 1885 fuit:

534 1956 755 2029 Semibovemque
766 1958 868 2024 virum,
880 1956 1088 2028 semivirumque
1098 1956 1210 2022 bovem

372 2073 575 2149 secundum:
672 2077 677 2092 ‘
767 2069 771 2076 ’
833 2077 838 2088 ’

535 2221 675 2292 Egelidum
688 2223 810 2289 Boream
822 2222 1006 2295 egelidumque
1014 2224 1118 2320 idolum
1131 2240 1138 2277 :

374 2376 412 2421 ex
430 2377 499 2448 quo
515 2364 665 2450 apparet,
683 2348 800 2423 summi
817 2348 939 2448 ingenii
955 2351 1027 2423 viro
1044 2378 1111 2422 non
1120 2346 1280 2448 judicium
1295 2343 1438 2419 defuisse

375 2462 415 2538 ad
434 2460 706 2563 compescendum
724 2462 888 2540 licentiam
913 2466 1094 2540 carminum
1119 2491 1271 2551 suorum,
1289 2461 1346 2537 sed
1363 2461 1438 2537 ani-

374 2610 464 2657 mum
480 2569 608 2656 :aiebat
621 2582 708 2657 enim
723 2582 941 2662 decentiorem
958 2613 1028 2660 esse
1041 2583 1155 2659 faciem
1166 2638 1175 2671 ,
1188 2584 1225 2656 iu
1240 2609 1305 2683 qua
1317 2580 1438 2682 aliquis

374 2729 485 2775 uaevus
500 2702 630 2775 inesset.
660 2702 712 2774 De
736 2700 856 2775 Medea
875 2701 1034 2798 tragoedia
1057 2703 1129 2804 ipse
1151 2700 1198 2775 sic
1218 2698 1365 2774 meminit
1385 2727 1440 2773 se-

376 2814 486 2889 eundo
504 2814 545 2888 dc
560 2814 728 2890 Tristibus
744 2845 751 2888 :

539 2961 575 3030 Et
586 2960 706 3016 dedimus
716 2961 818 3032 tragicis
827 2963 954 3032 scripturn
964 2960 1050 3033 regale
1061 2959 1196 3017 cothurnis
1207 2979 1215 3015 r

569 3051 690 3124 Quoque
702 3052 786 3122 gravis
798 3052 877 3108 debet
887 3055 966 3109 verba
976 3053 1122 3108 cothurnus
1133 3052 1220 3108 babet·

379 3177 578 3279 Composuit
595 3196 628 3251 et
644 3178 765 3254 librum
788 3181 824 3252 in
844 3178 949 3254 malos
972 3197 1107 3281 poetas,
1128 3176 1186 3279 qui
1213 3204 1283 3249 nou
1307 3190 1437 3261 exstat3

375 3292 454 3366 item
463 3292 498 3365 in
512 3291 627 3366 exsilio
639 3291 823 3394 Epistulam
834 3294 1087 3368 consolatoriam
1102 3292 1146 3365 ad
1157 3290 1283 3365 Liviam
1295 3287 1442 3383 Augusti

376 3405 416 3479 de
434 3422 540 3478 morte
557 3406 657 3479 Drusi
676 3436 684 3494 ;
712 3407 752 3481 de
767 3408 936 3483 Tristibus
962 3408 1058 3482 ctiam
1087 3406 1194 3481 libros
1213 3405 1380 3506 quinque;
1398 3399 1442 3475 de

373 3524 485 3597 Ponto
501 3521 605 3596 libros
622 3541 787 3622 quatuor·;
815 3524 850 3597 iu
865 3525 959 3613 lbin3
977 3526 1155 3599 Fastorum
1171 3521 1278 3595 libros
1292 3522 1379 3607 Xll,
1400 3546 1443 3592 ex

376 3638 500 3739 quibus
525 3666 581 3713 sex
606 3656 733 3713 tantum
755 3640 794 3713 ad
822 3629 934 3715 nostra
958 3660 1106 3742 tempora
1129 3653 1374 3741 pervenerunt:
1398 3634 1444 3709 de

376 3754 500 3854 quibus
516 3754 563 3829 sic
578 3756 649 3857 ipse
668 3759 700 3829 ll
720 3755 758 3830 de
776 3756 966 3832 Tristibus:

539 3908 591 3962 Sex
602 3927 651 3976 ego
662 3908 802 3963 Fastorum
813 3911 901 3980 scripsi
912 3910 1078 3982 totidemque
1089 3909 1202 3976 libellos,

571 3998 694 4067 Cumque
708 4018 755 4053 suo
767 4000 850 4054 linem
863 4020 954 4056 mense
965 4003 1066 4058 libellus
1078 4001 1164 4056 babet.

376 4125 516 4226 Scripsit
538 4144 570 4199 et
587 4125 811 4229 Triumphum
838 4130 996 4222 Castris,
1020 4131 1061 4206 de
1088 4160 1155 4233 quo
1171 4130 1223 4205 Ill
1241 4126 1280 4203 de
1301 4126 1442 4216 Ponto,

374 4240 467 4337 Elcg.
487 4261 536 4324 tv,
556 4243 602 4316 sic
619 4242 784 4317 meminit:
