3159 5134
389 525 434 591 68
564 522 844 593 EXCURSUS
868 523 921 593 IN
945 523 1128 593 OVIDII
1151 522 1278 592 IBIN.

388 666 478 739 nine
494 665 679 766 Hesychius
696 673 858 767 solym,
881 665 1013 767 inquit,
1036 673 1087 740 ss
1102 655 1228 741 tuso
1246 674 1306 740 sus
1323 671 1461 767 nuspa

387 797 441 859 τοῦ
460 794 615 878 ποταμοῦ,
633 783 764 858 tametsi
781 800 932 872 constet,
950 783 1075 879 regiam
1091 784 1202 860 Antei
1217 784 1259 858 ad
1279 802 1462 859 ausurum

388 903 560 977 Oceanum
586 899 688 975 tuisse
711 930 721 974 z
742 899 832 974 unde
853 916 1009 1001 apparet,
1038 899 1241 1001 Cinyphiam
1267 898 1463 996 generaliter

387 1019 474 1093 sumi
486 1046 550 1118 pro
561 1015 707 1116 Libyco,
723 1044 817 1089 more
827 1015 1153 1117 scilieetpoetarum,
1167 1013 1291 1116 quibus
1302 1015 1463 1090 usitatum

385 1133 543 1237 peculiari
558 1133 659 1207 nnius
677 1131 744 1206 loci
766 1133 900 1207 nomine
917 1149 1023 1206 totam
1046 1130 1216 1228 designare
1243 1129 1459 1232 provinciam

385 1251 501 1352 Neque
513 1276 591 1324 vero
605 1235 705 1322 rese'rt
715 1248 807 1349 quod
817 1248 906 1336 Ibis,
920 1247 998 1321 lioet
1007 1248 1205 1349 Egyptian
1217 1246 1260 1322 ad
1275 1246 1462 1350 Cinyphem

384 1367 495 1442 editus
510 1365 657 1462 fingatur
674 1394 683 1437 ε
701 1382 809 1466 poeta
825 1364 990 1467 siqnidem
1004 1393 1076 1439 non
1092 1364 1193 1439 semel
1208 1364 1381 1460 regionum
1397 1393 1462 1438 no·

383 1483 532 1558 minibus
540 1497 682 1585 propter
693 1480 846 1554 viciniam
859 1479 1057 1554 abutuntur.
1073 1480 1129 1554 Sic
1138 1481 1227 1553 mim
1239 1478 1461 1569 Claudianus,

384 1615 419 1672 et
436 1599 508 1699 ipse
521 1594 786 1683 Alexandrinus,
802 1596 860 1697 qni
870 1622 1008 1671 uxorem
1017 1596 1053 1669 in
1066 1595 1173 1697 patria
1185 1595 1334 1684 durent,
1346 1596 1462 1698 libyn

384 1708 607 1813 appellatione
621 1736 703 1784 osus
719 1726 792 1796 esu
811 1708 965 1809 idemque
982 1709 1195 1797 Pelusiacas,
1218 1727 1253 1784 et
1270 1710 1462 1811 Canopicns

386 1859 406 1904 a
418 1827 560 1902 Sidonio
572 1826 682 1901 <fictus
694 1845 765 1915 est,
787 1854 890 1927 quum
901 1844 1010 1901 tamen
1019 1825 1227 1902 Alexandria
1239 1845 1336 1902 natus
1353 1846 1459 1915 ossen

386 1946 435 2022 sic
450 1946 624 2020 Ausonios
641 1943 794 2018 scribens
810 1945 845 2017 in
861 1942 1127 2047 Monosyllabis:

511 2095 668 2149 Threicium
678 2132 687 2160 ,
699 2092 828 2165 Lilytnm
838 2090 923 2159 freta,
936 2090 1168 2165 Cimmeriumque
1176 2094 1244 2149 [erat
1253 2095 1307 2150 bos

386 2218 452 2290 Per
476 2212 627 2316 Ιίὂῃωιι
646 2210 805 2307 intelligit
821 2211 1027 2313 AEgyptum,
1045 2232 1084 2287 nt
1099 2212 1245 2310 Scaliger
1260 2213 1457 2288 observavit.

388 2334 443 2406 Sic
452 2333 554 2406 Persa
570 2358 632 2431 pro
645 2328 749 2403 Medo
764 2346 798 2403 et
813 2349 927 2401 contra
942 2360 950 2402 :
969 2329 1016 2405 sic
1030 2331 1065 2404 in
1079 2329 1257 2407 Catalectis
1271 2329 1386 2406 Gallus
1394 2360 1458 2434 pro

386 2447 570 2534 Britanno,
587 2462 725 2546 propter
740 2443 915 2544 utriusque
930 2446 1038 2541 gentis
1053 2447 1263 2522 vicinitatem.
1290 2448 1359 2534 lta,
1378 2476 1459 2549 qun

390 2566 480 2639 niam
505 2560 732 2636 Hadriaticum
749 2588 837 2634 mare
853 2560 953 2634 Ionio
969 2562 1198 2661 conjungitur,
1215 2571 1289 2636 κατὰ
1303 2567 1459 2658 μετάδοσιν

389 2697 441 2759 τοῦ
466 2690 606 2775 ὀνόματος
623 2677 757 2753 Ionium
774 2674 978 2779 appellatur,
1005 2694 1039 2750 et
1061 2678 1194 2751 lonium
1216 2678 1360 2752 vicissim
1384 2679 1458 2750 Ha-

390 2797 581 2883 driaticum,
599 2812 639 2869 nt
655 2790 828 2894 Apollonii
845 2789 1048 2865 Scholiastes
1063 2789 1104 2864 ad
1120 2794 1296 2891 Argoooot.
1314 2790 1374 2865 lib.
1389 2794 1457 2877 ΙΙ,

391 2935 424 2990 et
438 2909 638 2989 Eusnchins
656 2908 698 2981 ad
716 2907 871 3008 Dionysii
890 2906 1078 3002 Periegesin
1093 2923 1221 2980 notant
1240 2908 1382 2983 Ovidius
1396 2937 1458 2981 an·

391 3050 457 3104 tem
474 3055 542 3128 qno
557 3028 840 3118 στοματομολυνσιάν
855 3019 945 3093 lbidi
962 3048 1024 3092 suo
1041 3020 1272 3121 exprobrarat,
1290 3023 1382 3120 juxta
1400 3022 1456 3095 Ci-

389 3143 534 3246 nyphem
552 3157 666 3214 natum
681 3137 805 3233 lingere
819 3134 902 3209 mihi
920 3135 1066 3222 videtur,
1085 3135 1144 3209 nbi
1161 3136 1381 3237 procerissimi
1397 3166 1457 3227 na·

392 3274 529 3333 scuntnr
542 3252 650 3339 hirti,
671 3251 729 3352 qni
746 3250 823 3322 inde
840 3248 999 3350 Cinyphii
1018 3249 1174 3322 dicuntur
1189 3248 1292 3337 Silio,
1308 3248 1366 3323 lib.
1384 3252 1456 3337 ΙΙΙ;

393 3372 556 3458 Martiali,
573 3371 633 3444 lib.
643 3372 705 3442 vlt
719 3426 729 3459 ,
742 3367 987 3469 Epigrammata
1002 3368 1036 3440 in
1051 3366 1187 3456 tinum
1203 3368 1281 3441 item
1296 3367 1455 3465 Virgilio,

266 3590 273 3605 .
397 3492 511 3593 Georg.
525 3489 585 3563 lib.
602 3490 669 3574 ΙΙΙ,
688 3514 792 3586 quum
808 3485 876 3558 ait:

554 3636 610 3689 Nee
619 3633 708 3686 minos
718 3631 819 3685 interea
829 3630 937 3697 barbas,
950 3630 1094 3701 inutraque
1105 3640 1195 3685 menta

558 3712 684 3786 Cinyphii
693 3712 807 3767 tondent
818 3712 891 3765 hirti.
898 3751 919 3766 ..

392 3838 456 3913 set
471 3836 540 3909 hoe
554 3831 714 3906 hactenus
727 3858 800 3930 qna
814 3857 875 3930 pro
888 3827 1065 3931 compertis
1077 3857 1146 3902 non
1162 3829 1336 3914 tradimus,
1349 3826 1455 3901 donec

392 3978 492 4051 super
506 3948 547 4021 iis
562 3945 676 4020 habita
693 3944 761 4018 sint
773 3943 960 4018 doctiorum
974 3942 1118 4018 comitia.

570 4164 679 4209 1⁴!le
708 4160 906 4206 EXCURSUS
934 4161 973 4206 {N
1001 4161 1134 4207 ΟῩΙΙΙΙΙ
1163 4160 1258 4208 tots.
