3159 5134
395 492 455 560 160
710 494 749 559 P.
779 495 957 563 OVlDll
989 495 1125 563 VITA

389 631 493 709 exsilii
510 633 560 707 sui
574 660 703 705 cansam
713 633 797 707 hanc
808 635 912 734 ipsam
926 633 1023 722 dicit,
1039 634 1141 708 Triet.
1154 633 1213 708 lib.
1231 635 1284 723 ll,
1299 663 1345 708 vs.
1360 663 1449 710 211:

545 779 635 834 Altera
647 797 705 849 pars
714 790 852 855 superest,
865 800 916 850 qua
926 781 995 852 turpi
1007 780 1118 837 crimine
1129 790 1212 836 tactus

582 870 689 941 Arguor
700 871 813 925 obsceni
824 871 915 926 doctor
927 871 1064 940 adulterii,
1078 884 1127 927 ete.

385 987 542 1064 Eamdem
568 1016 700 1090 quoque
724 988 883 1063 rationem
911 1018 950 1062 ex
975 989 1073 1064 tutiae
1095 989 1295 1085 relegatione
1313 988 1447 1064 deducit
1505 1033 1516 1042 —

384 1105 559 1181 Bucherius
578 1114 611 1190 ¹,
628 1103 705 1177 licet
721 1104 806 1178 male
822 1105 864 1179 sit
882 1104 1057 1207 opinatus,
1071 1106 1189 1180 Martis
1208 1104 1366 1206 templum
1379 1106 1445 1178 tal.

381 1221 522 1322 Augusti
535 1218 718 1293 dedicatum
736 1246 818 1293 esse.

373 1378 375 1381 ·
431 1340 492 1410 lll.
512 1335 663 1411 Alterum
686 1333 786 1409 nobis
813 1334 956 1409 Ovidius
981 1333 1170 1436 suppeditat
1192 1351 1444 1430 argumentum,

384 1478 451 1552 qno
468 1449 643 1536 docemur,
659 1449 773 1523 Artem
786 1448 982 1522 Arratonizm
999 1447 1063 1521 hoc
1083 1476 1171 1521 anno
1188 1449 1230 1521 U.
1250 1450 1290 1522 C.
1307 1465 1444 1534 occist,

381 1570 417 1641 in
426 1567 531 1642 lucem
542 1566 716 1668 prodiisse.
728 1565 861 1640 Scilicet
873 1566 912 1641 de
924 1566 1073 1640 Parthica
1087 1565 1295 1667 expeditione
1308 1594 1444 1653 canens,

375 1682 422 1788 'ad
441 1710 538 1784 qnam
558 1700 624 1754 tum
639 1709 674 1754 se
687 1678 878 1776 accingebat
893 1677 988 1753 Cain
1000 1680 1144 1776 Augusti
1159 1709 1199 1754 ex
1212 1679 1305 1753 Julio
1320 1707 1445 1781 nepos,

370 1791 414 1872 'at
436 1796 615 1898 adoptione
639 1794 748 1882 lilius,
775 1796 846 1894 ejus
871 1812 998 1869 etatem
1022 1796 1070 1871 sie
1095 1795 1275 1884 describit,
1300 1793 1360 1869 lib.
1383 1797 1400 1867 l
1425 1823 1444 1869 a

379 1942 462 1988 vers.
486 1939 550 2014 177
567 1941 575 1985 :

545 2034 612 2088 Ecce
624 2043 697 2103 parat
713 2034 802 2086 Cesar
809 2031 926 2101 domito,
940 2033 1010 2102 quod
1022 2031 1104 2088 defuit
1115 2074 1123 2101 ,
1135 2034 1192 2087 orbi

558 2149 561 2162 ⁴
574 2124 681 2179 Addere
693 2144 700 2178 ε
715 2144 804 2191 nune,
816 2129 899 2178 oriens
910 2124 1017 2191 ultime,
1031 2134 1121 2179 noster
1131 2124 1190 2178 eris.

539 2219 644 2278 Parere,
660 2215 731 2270 dahis
742 2234 831 2285 peenas
843 2236 850 2268 z
865 2218 955 2269 Crassi
964 2215 1072 2285 gaudete
1084 2214 1194 2284 sepulti,

567 2303 702 2376 'Signaque
714 2304 859 2358 barbaricas
870 2324 925 2358 non
939 2305 1007 2359 bene
1020 2325 1091 2376 passa
1103 2321 1204 2359 manus.

539 2397 620 2451 Ultor
631 2395 703 2448 adest
714 2417 721 2458 ς
731 2402 871 2466 prr'rrn'sque
886 2396 980 2451 ducem
991 2396 1130 2466 profitetur
1140 2397 1167 2449 in
1179 2396 1257 2451 armis
1265 2400 1291 2448 ¹:

571 2485 696 2556 Bellaque
707 2505 762 2539 non
774 2505 857 2556 puero
868 2497 960 2542 tractat
970 2486 1071 2557 agenda
1078 2507 1147 2557 puer.

538 2576 766 2644 Parcite‘natales,
779 2576 882 2644 timidi,
894 2596 1035 2631 numerare
1048 2578 1168 2630 Deorum
1180 2596 1187 2627 ε

569 2670 711 2722 Cesaribus
720 2667 802 2723 virtus
811 2669 920 2738 contigit
931 2680 991 2724 ante
1003 2668 1073 2722 diem
1084 2708 1091 2735 ,
1102 2679 1151 2722 ete.

545 2759 673 2829 Auspiciis
684 2765 823 2828 anime'sque
828 2764 912 2829 parnt
922 2778 988 2829 puer
999 2779 1071 2813 arma
1083 2758 1214 2814 movebis:

571 2849 606 2903 Et
615 2850 703 2904 vinces
713 2856 806 2903 arrinr's
818 2849 986 2920 auspiciisque
994 2855 1085 2917 patris.

534 2939 598 2994 Tale
611 2939 793 3016 rudimentum
805 2950 879 2993 tanto
890 2940 938 2993 sul)
949 2939 1057 2993 nomine
1071 2939 1167 2993 debes:

570 3031 649 3086 Nune
655 3032 775 3100 lirrerum
781 3036 900 3101 princeps
909 3029 929 3099 ³,
942 3031 1038 3087 deinde
1050 3031 1139 3085 future
1150 3049 1262 3098 senum,
1272 3042 1320 3086 etc.

406 3155 414 3184 ¹
432 3148 512 3219 Belgi.
530 3150 608 3202 Rom.
625 3168 681 3220 pag.
692 3152 732 3204 82.

403 3238 415 3267 ²
432 3233 485 3287 Alii
499 3232 575 3288 codd.
585 3239 661 3286 arsis
671 3232 775 3287 babent.

402 3318 413 3352 ³
429 3318 531 3374 Scilicet
543 3316 623 3372 Caius
634 3320 753 3386 Princeps
764 3319 906 3372 Juvenum
919 3320 974 3391 jam
989 3328 1049 3371 ante
1061 3317 1203 3389 adpellatus
1214 3318 1314 3385 luerat,
1327 3330 1354 3373 et
1367 3320 1432 3389 qui-

371 3404 449 3470 dem,
463 3402 555 3464 utDio
568 3401 665 3456 indicat
683 3400 744 3469 (lib.
757 3401 817 3467 LV,
830 3420 886 3472 pag.
902 3401 987 3472 553),
1006 3422 1088 3473 quum
1106 3408 1202 3457 uirilem
1218 3402 1304 3457 induit
1318 3412 1403 3471 togam
1418 3419 1429 3465 ,·

372 3510 451 3560 quarn
473 3500 503 3544 ut
521 3489 545 3543 ei
563 3488 637 3541 daret
654 3488 787 3556 Augustus
803 3506 833 3541 ac
847 3492 962 3541 tr‘rucrirris
975 3491 1107 3543 &duceret
1121 3493 1148 3542 1⁸ae
1166 3491 1269 3550 mma,
1295 3489 1369 3559 petiit
1382 3489 1431 3543 sibi

370 3581 540 3630 duodecimum
551 3577 719 3634 consulatum,
738 3573 781 3639 (in
795 3593 836 3626 an.
848 3574 884 3628 U.
903 3574 934 3627 C.
949 3575 1031 3647 749),
1045 3576 1084 3629 uti
1102 3586 1129 3629 et
1144 3586 1232 3645 postea
1243 3581 1340 3630 terum
1356 3580 1431 3628 deci-

368 3679 434 3712 mum
447 3659 491 3723 (in
503 3678 545 3712 an.
556 3660 625 3726 752),
642 3657 668 3710 in
681 3657 758 3710 Lucii
767 3655 876 3712 Cusas-is
887 3656 1005 3728 gratiam,
1015 3669 1079 3712 teste
1090 3661 1213 3720 Suetonio
1222 3658 1265 3711 lib.
1278 3659 1315 3724 ll,
1323 3677 1377 3727 cap.
1391 3656 1431 3711 at

369 3746 439 3799 Rem
450 3744 482 3798 de
495 3743 545 3799 hoc
561 3754 671 3813 utroque
683 3761 731 3796 suo
742 3754 852 3811 nepote,
865 3762 910 3797 seu
919 3763 967 3813 per
976 3744 1144 3814 adoptionem
1153 3744 1221 3812 filio,
1234 3747 1331 3799 Calact
1340 3746 1427 3805 Lucio,

368 3828 405 3882 sic
416 3828 526 3902 ipsemet
538 3828 672 3896 Augustus
684 3826 796 3880 dilucide
809 3826 837 3880 in
849 3826 920 3880 Vitae
940 3828 1068 3882 breviario
1083 3830 1212 3896 narravit,
1230 3838 1309 3898 prout
1322 3846 1353 3881 ex
1368 3845 1431 3880 mo—

369 3909 491 3962 numenti
509 3912 643 3980 Ancyram·
654 3906 824 3978 apographis,
839 3918 865 3961 et
874 3907 1038 3977 potissimum
1050 3929 1081 3962 ex
1091 3910 1150 3976 illo,
1167 3909 1238 3979 quod
1256 3912 1329 3962 Paul.
1346 3909 1433 3961 buces

368 3994 472 4060 edidit,
495 3995 580 4064 paucis
596 3991 687 4046 litteris
710 3990 854 4046 necessario
876 4003 903 4047 et
923 3990 995 4046 facile
1018 3991 1158 4062 suppletis,
1180 3992 1305 4046 habemus
1325 4011 1332 4045 ι
1350 3990 1429 4045 liuoa

368 4094 441 4132 neos
453 4093 520 4143 oros
538 4093 649 4130 tvvenes
659 4091 731 4128 mim
742 4089 856 4128 antrvtr
871 4090 966 4129 ram
979 4089 1068 4129 cervas
1081 4092 1116 4130 ιτ
1132 4090 1237 4129 evomat
1252 4089 1425 4130 emuna...

261 4195 266 4206 v
369 4177 490 4217 HONOMS
504 4175 557 4214 Ml
568 4174 654 4214 CAVSA
667 4174 788 4214 SBKATVS
802 4175 974 4227 rorvtvspvtt
991 4175 1124 4215 nomme
1136 4175 1237 4215 ΔΝΜ
1248 4176 1378 4228 QVIM’W
1391 4176 1426 4214 ΙΤ

369 4257 501 4296 oectttvtt
514 4256 633 4295 aetnam
646 4255 774 4296 Comi-18
788 4254 956 4296 outonem
966 4257 1002 4296 vt
1015 4257 1074 4294 m
1087 4255 1293 4297 maurensem
1306 4256 1426 4297 tutam
