3159 5134
497 524 593 592 nna
616 526 650 591 s.
675 522 901 593 nasson.
1163 528 1228 594 205
1355 494 1365 513 ⁴

160 664 331 742 dricmurie
350 675 358 705 ¹
379 681 608 766 separarentur,
632 682 672 738 ut
686 663 789 739 hahet
806 664 948 739 Cicero²
964 694 972 739 :
987 663 1079 754 ideo,
1098 681 1138 739 ut
1152 664 1233 741 bre-

161 784 233 857 vior
249 782 262 822 ³
277 799 312 856 et
326 781 513 884 expeditior
529 780 620 856 heret
633 781 668 853 in
679 781 793 856 Asiam
810 780 997 877 navigatio,
1011 809 1109 855 naves
1122 779 1232 856 sinum

160 901 321 1002 petebant
331 896 569 984 Corinthiarum,
582 898 618 973 in
629 926 698 998 quo
709 896 844 972 Itchcoe
859 914 929 971 erat
939 915 1074 999 portus,
1088 898 1234 1000 hincque

162 1017 341 1121 aliquando
352 1016 510 1118 plaustris
525 1016 821 1091 transvehebantur
831 1044 891 1117 per
901 1015 1021 1090 Isthmi
1037 1012 1234 1113 ‘angustias

161 1135 198 1209 iu
213 1135 324 1210 εἰιιυω
340 1133 538 1221 Surorum,
556 1133 592 1206 in
611 1161 679 1236 quo
699 1131 866 1207 Cenchreoe
880 1150 1008 1235 portus.
1034 1134 1109 1207 Hoc
1125 1131 1176 1208 vel
1194 1161 1234 1209 ex

163 1248 268 1323 Plinio
281 1247 405 1325 discere
424 1247 521 1336 licet,
540 1246 598 1349 qui
609 1246 668 1320 hb.
681 1249 743 1335 lv,
758 1273 830 1347 cap.
846 1245 891 1339 4:
911 1279 929 1313 «
943 1246 1232 1335 ColtlttTltltctts,

166 1397 184 1432 »
203 1366 269 1454 ait,
287 1363 387 1453 hinc,
405 1362 497 1440 illinc
514 1364 721 1439 Sunoutuus
744 1361 930 1466 adpellatur
952 1364 1045 1439 sinus
1068 1394 1075 1438 :
1099 1366 1235 1442 Lethea

166 1517 185 1551 s
201 1483 300 1571 hinc,
325 1482 501 1558 Cenchreae
520 1479 632 1571 illinc,
653 1481 881 1576 angustiarum
904 1481 1056 1571 termini;
1080 1481 1236 1580 longort

168 1632 185 1664 n
204 1598 341 1700 ancipiti
354 1596 486 1672 navium
497 1595 643 1683 ambitu,
656 1623 738 1698 quas
750 1595 947 1691 magnitudo
957 1596 1116 1697 plaustris
1128 1616 1237 1675 hans·

169 1747 186 1780 u
205 1714 279 1788 vehi
305 1713 476 1815 prohihet.
498 1746 517 1781 n
539 1713 609 1786 Nec
631 1710 728 1786 aliter
750 1710 892 1798 Strabo,
919 1708 978 1785 lib.
1004 1714 1111 1787 VIII:
1137 1748 1154 1780 α
1179 1714 1236 1789 nd

169 1864 186 1895 „
205 1830 458 1918 Schoenuntem,
470 1828 601 1918 scribit,
612 1846 748 1932 portum
759 1827 992 1924 angustissima
1002 1830 1122 1905 Isthmi
1135 1830 1234 1907 tellus

170 1976 187 2008 »
206 1964 276 2032 est,
295 1973 360 2046 qna
375 1944 505 2040 navigia
526 1960 808 2031 transvectantur,
825 1959 888 2016 etc.
908 1975 926 2006 υ

213 2070 339 2143 Verum
363 2085 398 2143 et
421 2096 506 2175 saepe
522 2094 621 2143 naves
643 2093 703 2168 per
720 2064 884 2140 Isthmum
903 2090 972 2136 uon
997 2063 1235 2156 trahebantur,

168 2185 222 2260 std
239 2187 275 2260 in
295 2204 396 2288 portu
411 2184 536 2262 11ιήιο
552 2184 703 2271 stabant,
724 2182 799 2257 dein
816 2178 887 2255 atiae
907 2179 1070 2257 Cenchreis
1087 2212 1237 2260 assume·

166 2305 309 2394 bantur,
329 2306 380 2379 uti
406 2302 458 2380 vel
480 2305 621 2379 Nasonis
642 2297 831 2401 exemplum
856 2297 986 2372 evincit.
1017 2299 1120 2396 Quod
1137 2301 1236 2378 etiam

168 2423 464 2510 Philocomum,
486 2420 600 2495 Flacci
613 2418 767 2494 Andrum
779 2414 922 2491 insulam
936 2415 1042 2490 exsilii
1056 2415 1164 2493 locum
1178 2448 1238 2521 pe-

168 2542 267 2615 tentis
285 2540 348 2614 iter
365 2538 576 2615 describens:
600 2570 617 2602 «
635 2535 809 2635 Trajecto,
829 2532 959 2633 inquit,
977 2534 1076 2606 lunio
1099 2534 1173 2609 sinu
1190 2534 1238 2609 le-

170 2688 186 2720 »
208 2656 308 2751 gebat
325 2683 416 2730 oram
433 2680 539 2755 usque
557 2651 790 2728 Corinthum...
816 2646 870 2721 lhi
894 2649 1091 2723 transmisso
1106 2651 1234 2725 Isthmo

170 2802 187 2835 a
206 2798 224 2843 a
242 2771 372 2844 Lecheo
392 2769 577 2844 Cenchreas
593 2763 707 2840 navale
727 2763 1025 2839 Corinthiorum
1039 2791 1238 2868 ascensaque

169 2918 187 2950 r
206 2914 308 2988 parva
325 2886 474 2960 oneraria
489 2883 616 2958 solvere
634 2899 788 2969 coactus,
807 2898 870 2954 etc.
890 2913 906 2946 »

214 3014 258 3085 11.
279 3011 334 3086 hd
352 3008 466 3086 Ovidii
483 3007 724 3105 navigationem
740 3024 779 3079 ut
796 3004 991 3091 redeamus,
1010 3002 1039 3078 is
1058 3022 1237 3107 postquam

171 3129 334 3206 Onchrcis
357 3127 459 3205 altera
482 3155 556 3201 cnm
581 3124 656 3199 navi
684 3122 845 3210 solverat,
869 3148 929 3223 per
953 3120 1112 3222 AEgoeum
1147 3151 1237 3197 mare

168 3267 281 3324 vectus
299 3265 368 3334 sst;
387 3264 502 3348 atque,
520 3244 578 3318 uhi
592 3244 734 3344 primum
745 3238 781 3315 in
794 3239 1078 3341 Hellespontiacas
1095 3240 1238 3317 venisset

169 3361 386 3466 aquas,ssexit
398 3360 433 3433 in
447 3358 563 3434 taevum
576 3384 712 3445 cursus,
727 3372 762 3429 et
771 3353 915 3429 insulam
924 3353 1077 3459 ¹Imbrr'am
1090 3353 1236 3456 adpulit3

169 3563 217 3631 sit,
230 3566 313 3616 marm
323 3560 365 3613 itta
377 3560 456 3630 longe
469 3576 522 3612 asc
532 3555 646 3611 invicem
659 3553 747 3609 dissita
757 3570 830 3622 csse,
850 3551 956 3622 quando
970 3553 1022 3606 iter
1033 3553 1066 3607 ah
1082 3570 1137 3606 uno
1148 3550 1181 3606 ad
1201 3550 1240 3606 al-

169 3655 256 3700 terum
270 3645 375 3717 navigio
385 3645 423 3698 fit

202 3740 210 3770 ¹
232 3735 362 3807 Quinque
382 3734 478 3790 scilicet
496 3730 609 3788 milhem
626 3728 727 3801 spatio,
749 3729 788 3782 uti
806 3727 903 3783 ducem
921 3726 1009 3796 Mela,
1022 3726 1066 3780 hh.
1083 3725 1127 3792 11,
1138 3742 1193 3795 cap.
1204 3725 1239 3788 3;

171 3820 287 3887 Plinius,
300 3820 343 3874 tib.
354 3819 405 3885 IV,
417 3838 474 3889 cap·
486 3820 509 3886 4.

200 3913 213 3944 ²
229 3911 307 3967 Orat.
318 3909 346 3964 11
358 3908 385 3963 iu
397 3908 515 3963 Rullum.

203 4001 215 4035 ¹
230 4003 293 4057 viu.
306 4001 430 4057 Phitosu.
442 3998 558 4071 Sophist.
569 3999 611 4053 lib.
622 3996 668 4065 11,
683 4016 739 4068 pag.
753 4000 798 4052 551
809 4036 818 4064 ‚
831 3995 872 4051 ed.
885 3995 955 4066 Lips.

204 4095 217 4132 ὅ
234 4095 292 4164 Qui
303 4093 375 4149 bens
385 4093 493 4151 murm
505 4089 599 4146 exinde
611 4091 766 4151 vocabantur,
781 4087 852 4158 quod
864 4107 944 4142 naues
954 4104 1002 4157 per
1014 4102 1078 4141 enm
1095 4102 1127 4136 er
1141 4099 1199 4135 unc
1216 4079 1246 4136 in

173 4175 281 4231 alterurn
294 4194 368 4230 mare
379 4175 565 4236 traheremur,
578 4181 688 4227 notante
698 4170 729 4227 d.
742 4171 879 4227 lsVousio
892 4169 925 4225 ad
936 4169 1017 4225 Mein
1028 4165 1073 4220 tit.
1089 4166 1132 4233 11,
1148 4181 1204 4232 cap.
1219 4161 1245 4215 3.

173 4259 213 4318 De
223 4264 316 4317 Diolco
328 4261 388 4315 vide
402 4257 573 4332 Hesychium.
