3159 5134
126 563 1195 597 *mmmmm

189 764 465 875 runnu
510 761 1131 870 ovlu11NAs0N1s

525 1012 800 1157 lsslsx‘

486 1444 845 1507 ARGUMENTUM.

136 1605 207 1673 liin,
225 1603 274 1657 snb
287 1620 340 1672 qno
351 1601 460 1655 nomine
474 1599 615 1672 Hyginum
627 1599 707 1654 latere
719 1601 827 1669 volunt,
847 1600 919 1671 quod
931 1599 1023 1655 Ovidii
1035 1620 1136 1656 nomen
1150 1620 1210 1657 me-

163 1687 267 1745 ledictis
278 1687 422 1754 laceraret,
438 1695 465 1739 et
477 1684 548 1738 lalsis
563 1683 790 1738 criminationibus
802 1685 830 1737 in
840 1684 967 1738 invidiam
980 1695 1007 1739 et
1020 1685 1111 1741 odium
1125 1685 1211 1742 addu-

164 1786 254 1842 oeret,
268 1773 341 1844 quod
351 1792 432 1843 porro
440 1772 498 1842 ejus
508 1789 618 1825 uxorem
625 1769 775 1825 sollicitaret
788 1770 942 1842 importune
951 1813 959 1842 ,
967 1773 1092 1843 quodque
1098 1773 1213 1829 fortunis

164 1857 284 1911 inhiaret
295 1866 397 1925 poetae,
412 1853 475 1908 diris
494 1852 618 1907 omnibus
638 1851 682 1905 hic
703 1850 824 1906 devovet.
841 1852 914 1907 Nihil
932 1874 987 1910 esse
1004 1856 1086 1923 mali,
1106 1855 1210 1911 nullum

110 1992 122 2025 x
165 1942 269 2012 uspiam
293 1938 481 2009 suppliciorum
499 1954 691 2006 penarumque
710 1956 813 2007 genus,
833 1956 886 2006 quo
903 1939 1056 1993 mortalium
1074 1941 1214 2012 quisquam

164 2026 199 2080 sit
220 2024 358 2090 adlectus,
379 2039 432 2090 quo
448 2038 505 2073 non
519 2019 614 2090 dignus
628 2019 662 2075 sit
674 2020 747 2088 lhis,
765 2020 881 2075 nimium
897 2021 955 2075 fuse
975 2022 1071 2092 docet,
1093 2024 1214 2081 vindicta

165 2110 237 2164 ultra
246 2106 360 2161 modurn
372 2104 518 2174 indulgens.

141 2265 330 2369 TEMPUS
346 2291 388 2365 ad
404 2290 490 2378 hoc,
507 2285 623 2363 lustris
638 2288 706 2388 jam
721 2288 776 2363 bis
792 2288 875 2362 mihi
892 2290 1040 2392 quinque
1056 2294 1214 2394 peractis,

188 2416 300 2489 Omne
318 2411 383 2485 luit
398 2411 508 2484 Musa
527 2435 659 2481 carmen
675 2407 800 2482 inerme
817 2437 920 2497 meae;

139 2529 326 2631 Nullaque,
347 2555 419 2629 quae
434 2525 564 2627 possit,
584 2523 717 2624 scriptis
736 2510 952 2599 totmillibus
965 2544 1072 2602 exstat

187 2647 303 2722 Litora
320 2641 485 2729 Nasonis,
504 2637 759 2735 sanguinolenta
776 2639 852 2735 legi.

140 2762 209 2836 Nec
228 2784 430 2862 quemquam
445 2754 572 2843 nostri,
591 2752 657 2828 nisi
673 2782 755 2843 nos,
772 2753 882 2828 laesere
904 2740 1030 2847 libelli,
1203 2783 1220 2833 5

173 2935 191 2968 *
204 2931 271 2985 lsts.
284 2930 326 2984 lta
337 2924 657 2981 rectiusinscribeturhoc
706 2924 794 2983 Greci
807 2928 950 2994 δλνμαιᾶθα
958 2928 1132 2999 adpellsrunt.
1144 2931 1221 2987 Serv.

142 3029 252 3081 poema,
262 3026 343 3077 quarn
354 3006 388 3059 ln
398 3006 460 3058 lum
469 3043 476 3070 ,
486 3002 557 3072 quod
567 3002 658 3057 hacte-
706 3005 735 3059 in
745 3004 852 3058 AEneid.
860 3005 902 3061 lib.
914 3007 941 3075 1,
951 3026 986 3061 vs
998 3011 1061 3063 283:
1070 3032 1083 3055 κ
1092 3011 1220 3067 Lustrum

143 3110 193 3144 uus
200 3081 658 3152 circumfertur3nequealitersuum
707 3084 826 3151 dietum,
840 3086 912 3156 quod
930 3097 987 3157 post
1007 3090 1221 3160 quinquennium
1296 3087 1299 3093 .

144 3190 240 3241 poema
249 3164 427 3222 Callimachus
436 3160 660 3232 inscripseratVi-
707 3185 874 3237 unaqueque
883 3169 973 3223 civitas
981 3169 1149 3227 lustrabatur.
1159 3175 1224 3229 Un-

146 3250 178 3304 ‹le
188 3248 300 3305 Suidam
312 3246 340 3299 in
353 3252 511 3312 Καλλίμαχος.
526 3239 660 3313 Eutyches
708 3242 742 3298 ‹le
756 3245 850 3298 Rome
863 3246 1062 3318 ambilustrum,
1081 3252 1152 3321 quod
1164 3274 1221 3309 non

147 3347 251 3397 quoque
264 3322 475 3385 Grammaticus,
490 3320 533 3373 lib.
543 3319 587 3385 ll,
600 3320 660 3372 Ovi·
707 3320 822 3387 licebat,
839 3324 888 3378 nisi
904 3327 995 3381 ambos
1007 3347 1147 3397 censores,
1164 3345 1223 3402 post

147 3409 215 3458 dium
223 3405 330 3458 inllide
341 3401 417 3465 citat,
430 3415 487 3451 non
498 3399 598 3450 lullin-
607 3393 661 3449 Co·
709 3400 924 3470 quinquennium
936 3403 1046 3459 lustrare
1057 3406 1198 3463 civitatem.
1210 3434 1224 3459 »

72 3532 77 3541 ,
148 3484 219 3536 dices
238 3480 318 3549 liujus
334 3477 430 3543 libelli,
444 3476 490 3546 qui
503 3483 660 3529 vetustatem
712 3478 842 3547 Quamvis
863 3483 951 3537 Varro
970 3502 985 3535 a
1002 3487 1112 3553 luem,
1127 3486 1154 3539 id
1168 3499 1224 3556 est,

149 3574 176 3615 et
189 3578 300 3614 manum
308 3556 517 3627 castigatampre
525 3552 661 3620 scierant,
710 3555 837 3611 solvendo
849 3557 961 3613 lustrum
970 3559 1056 3630 ducit,
1069 3565 1140 3633 qnod
1150 3569 1226 3636 quin·

149 3638 381 3693 vixinveniuntur.
388 3633 554 3703 Exemplaria
560 3643 662 3699 tamen,
711 3644 740 3687 to
751 3653 856 3704 quoque
867 3654 939 3689 anno
952 3639 1100 3711 vectigalia,
1117 3654 1144 3696 et
1156 3645 1226 3700 ultro

150 3718 245 3789 quibus
262 3715 373 3767 Juretus
384 3724 412 3766 et
425 3711 571 3766 Politianus
587 3721 664 3766 erant
712 3710 811 3766 tributa
828 3733 876 3782 per
892 3735 1014 3772 censores
1034 3721 1227 3789 persolveban-

151 3797 206 3865 usi,
219 3798 247 3850 in
262 3794 370 3865 optimis
388 3792 509 3847 habenda
520 3803 590 3846 sunt.
602 3789 665 3844 Cae-
713 3803 766 3846 tur.
778 3792 888 3849 Dont‘r.

152 3889 218 3943 tera,
226 3892 287 3946 quoe
294 3872 327 3926 ad
337 3890 448 3925 manum
457 3869 593 3925 mihisatis
599 3867 667 3921 mul·
749 3888 772 3921 a.
791 3871 897 3923 Carmen
909 3876 1000 3925 neme
1009 3884 1058 3928 etc.
1071 3876 1125 3931 Hic
1139 3896 1227 3933 mores

153 3966 180 4010 ta
196 3954 327 4019 luerunt,
341 3959 412 4003 note
430 3960 492 4002 sunt
505 3947 666 4002 recentioris.
715 3965 797 4016 suos,
816 3948 1030 4021 candoremque,
1050 3964 1078 4008 et
1089 3957 1229 4027 ingenium

153 4033 268 4089 Interim
281 4034 310 4085 in
322 4042 473 4084 transcursu
480 4049 554 4083 nunc
562 4047 667 4099 poema·
716 4025 828 4082 minime
836 4027 993 4085 maledicum
1004 4031 1102 4089 indicat
1111 4036 1189 4090 Naso.
1198 4039 1229 4090 Z.

152 4113 222 4167 tium
229 4111 280 4165 hoc
286 4109 464 4176 illustremus,
476 4107 548 4178 quod
558 4108 669 4162 curisse-
751 4108 775 4173 4.
793 4108 881 4161 Litora
897 4117 1097 4179 sanguinolenta.
1110 4113 1230 4172 Carmen
1280 4146 1283 4155 «

154 4190 249 4248 tundis
261 4188 413 4260 diligentius
422 4186 620 4243 sumuslacturi.
631 4186 669 4239 H·
718 4187 887 4242 maledicum.

190 4293 211 4325 1.
225 4271 337 4324 hstn's.
352 4268 477 4322 Lustmm
489 4267 612 4323 dixerunt
623 4266 671 4320 La
754 4271 776 4321 5.
795 4269 854 4323 [list
865 4288 904 4322 me
914 4273 998 4324 lesere
1008 4275 1095 4327 libelli.
1113 4277 1175 4330 Nisi
1186 4296 1232 4331 sos

157 4343 670 4421 tinispatiumquinqueannorurn,quod
720 4343 808 4397 Juret.
820 4355 847 4399 ct
858 4358 911 4401 tres
920 4348 971 4401 alii.
985 4350 1022 4403 fl.

279 4438 398 4514 VIII.
1079 4468 1090 4510 t
