3159 5134
400 509 463 594 iao
725 511 765 575 r.
793 508 1127 576 0v1n11v1ra

392 649 471 723 licet
488 678 506 724 a
522 648 718 750 praetoribus
735 676 774 723 ex
791 649 932 725 decuriis
944 666 1062 749 prater
1077 650 1298 725 centumviros
1310 651 1461 748 legebam

394 782 466 849 tur,
484 780 516 836 et
533 762 587 836 alii
606 764 648 837 ad
671 757 875 864 privatorum
899 763 973 838 lites
996 762 1242 862 dijudicandas,
1269 766 1328 866 qni
1347 766 1466 863 privati

394 906 528 979 quoque
541 878 669 979 judices
683 878 905 967 vocabantur,
929 878 1053 980 quique
1068 878 1236 976 sigillatim
1252 881 1294 954 ad
1312 882 1461 981 quamvis

393 1023 542 1083 causam,
560 995 780 1070 centumviros
805 1012 1117 1096 nonspectantcm,
1135 996 1309 1072 dabantur.
1333 995 1461 1070 Audia-

391 1142 465 1187 mus
481 1113 566 1188 banc
579 1115 615 1186 in
630 1142 698 1188 rem
714 1112 793 1186 Aut.
812 1111 956 1186 Gellium
973 1121 1003 1200 ¹,
1023 1113 1080 1213 qui
1095 1112 1128 1186 id
1143 1139 1247 1208 genus
1262 1111 1361 1213 judex
1373 1112 1458 1189 suit:

394 1230 511 1326 «Quo
538 1229 680 1332 primum
705 1246 853 1329 ternpore
878 1257 897 1302 a
920 1229 1120 1329 praetoribus
1146 1229 1251 1303 lectur
1276 1228 1311 1301 in
1331 1228 1459 1327 judices

395 1378 413 1410 »
433 1372 526 1430 sum,
552 1363 591 1417 ut
607 1362 773 1430 suntote,
794 1372 866 1444 qua
884 1340 1095 1443 appellantur
1111 1361 1285 1431 Pntvttt,
1309 1342 1459 1445 ancupe-

394 1494 412 1524 »
429 1489 519 1548 rem,
539 1460 643 1533 libros
662 1458 835 1560 utrius'que
851 1458 976 1555 lingua»
990 1459 1030 1533 de
1048 1457 1156 1533 officio
1170 1459 1291 1559 judicis
1314 1461 1459 1563 scriptos

394 1608 412 1640 »
432 1572 634 1674 conquieiri3
651 1590 691 1646 ut
705 1574 807 1682 homo
825 1572 1013 1649 adolescens
1031 1603 1048 1648 a
1065 1593 1236 1676 poetarum
1250 1574 1372 1650 fabulis
1390 1594 1458 1652 eta

395 1728 413 1758 »
433 1694 604 1767 rhetorum
621 1690 765 1792 epilogis
779 1691 827 1770 ad
838 1692 1028 1791 judicandas
1044 1690 1120 1767 lites
1135 1712 1295 1779 vocatus,
1312 1720 1382 1767 rem
1401 1695 1458 1794 ju·

393 1843 411 1874 n
430 1807 612 1896 diciariam,
684 1835 723 1882 ex
736 1807 857 1895 mutis,
873 1807 964 1908 qnod
981 1806 1091 1894 aiunt,
1103 1806 1268 1902 magistris
1281 1835 1457 1904 cognosce-

392 1960 411 1993 »
430 1955 518 2014 rem,
537 1943 598 2000 etc.
621 1959 639 1991 »
659 1928 701 1999 ln
715 1925 807 1998 hisee
821 1953 899 1998 uero
915 1925 1053 2026 privatis
1066 1924 1200 2025 judiciis
1215 1953 1303 2000 uuus
1320 1925 1457 2027 quidem

388 2060 518 2117 tanturn
539 2039 638 2142 juder
655 2041 747 2116 litem
769 2070 829 2116 sna
852 2040 1015 2115 sententia
1030 2039 1222 2128 deliniebat,
1239 2058 1333 2115 erant
1348 2060 1457 2117 tamen

388 2156 445 2233 alii
468 2156 591 2258 judicis
615 2159 709 2232 amici
730 2156 912 2257 jurisperiti
927 2157 963 2229 in
981 2151 1158 2231 consilium
1180 2155 1338 2245 adhibiti,
1355 2177 1458 2259 prout

389 2271 476 2345 idem
497 2270 625 2345 Gellius
649 2288 766 2372 postea
784 2280 797 2314 ²
812 2271 932 2343 docet:
954 2270 1186 2359 «Petebatur,
1204 2269 1268 2359 ait,
1290 2271 1381 2373 apud
1404 2300 1458 2346 me

391 2422 410 2453 »
429 2387 584 2489 pecunia,
603 2416 674 2488 quae
688 2388 858 2463 dicebatur
870 2381 946 2460 data
958 2407 1212 2490 numerataque,
1225 2410 1285 2463 etc.
1303 2423 1322 2454 u
1338 2390 1457 2464 Paucis

389 2503 506 2578 deinde
518 2520 598 2603 post
610 2501 728 2576 lineis:
747 2537 764 2567 κ
781 2505 894 2591 Tunc,
909 2502 1017 2592 addit,
1031 2502 1080 2576 ibi
1094 2502 1190 2576 amici
1201 2503 1286 2592 mei,
1303 2533 1389 2606 quos
1399 2534 1457 2580 ro-

390 2655 410 2686 »
430 2645 579 2715 gaveram
599 2617 635 2690 in
654 2616 850 2706 consilium,
868 2618 930 2692 riri
945 2618 1131 2706 exercitati,
1149 2636 1248 2720 atque
1262 2618 1298 2692 in
1311 2622 1456 2722 patroci-

391 2769 409 2800 n
430 2735 495 2808 niis
507 2734 586 2808 etin
598 2738 709 2837 operis
722 2733 785 2807 lori
799 2733 960 2822 celebres,
1033 2762 1102 2808 non
1116 2732 1295 2810 sedendum
1312 2735 1454 2825 diutius,

392 2886 410 2918 »
429 2880 465 2924 ac
486 2848 569 2924 nibil
595 2876 664 2924 esse
691 2850 828 2924 dubium
855 2850 1025 2938 dicebant,
1050 2851 1132 2949 quin
1157 2848 1378 2924 absolvendus
1404 2850 1456 2924 lo-

391 3001 408 3032 »
429 2984 496 3053 ret,
514 2983 575 3038 etc.
600 2999 617 3031 »
636 2967 795 3041 Praeterea
813 2964 862 3038 vel
880 2995 919 3038 ex
938 2965 1095 3040 Cicerone
1112 2983 1220 3066 patet,
1237 2993 1350 3039 causas
1365 2964 1455 3040 baud

387 3082 470 3155 adeo
491 3079 578 3154 leves
597 3108 643 3160 ac,
655 3080 755 3175 volgo
781 3098 918 3181 putant,
939 3080 996 3155 sed
1012 3098 1044 3154 et
1061 3080 1267 3175 gravissimas
1285 3080 1320 3152 in
1336 3079 1454 3156 iisdem

387 3196 518 3296 judiciis
535 3197 672 3298 privatis
684 3214 772 3271 actas
787 3196 899 3271 luisse.
914 3195 974 3270 lllc
989 3198 1076 3270 enim
1091 3195 1131 3269 de
1144 3195 1310 3271 Oratore³
1326 3228 1334 3268 :
1354 3230 1371 3261 «
1385 3198 1455 3270 Vo-

389 3348 407 3380 »
425 3313 519 3389 litare
531 3314 567 3386 in
578 3314 670 3402 soro,
684 3315 807 3388 haererc
819 3315 854 3386 in
869 3314 957 3413 jure,
972 3343 1009 3387 ac
1023 3331 1200 3415 pratorum
1212 3311 1452 3404 tribunalibus,

389 3467 408 3500 »
429 3451 572 3506 mulcta
584 3451 941 3527 Pulvautmagnarum
953 3459 1062 3506 rerum
1073 3431 1178 3519 obire,
1187 3433 1223 3504 in
1235 3432 1358 3533 quibus
1367 3460 1453 3533 saepe

390 3582 408 3611 »
425 3576 492 3621 non
510 3548 551 3621 de
566 3548 670 3634 sacto,
684 3547 741 3622 sed
757 3549 798 3621 de
810 3548 962 3649 aequitate
977 3565 1010 3621 et
1025 3549 1097 3647 jure
1109 3564 1270 3636 certetur;
1284 3549 1405 3647 jactare
1417 3575 1453 3621 se

392 3697 408 3725 u
429 3663 463 3735 in
479 3665 586 3738 causis
608 3681 967 3750 CENTUutVttttLtBUS,
984 3664 1019 3736 in
1040 3660 1163 3765 quibus
1187 3664 1451 3765 usucapionem,

392 3812 409 3842 »
432 3776 628 3864 tutelarum,
646 3778 886 3872 gentilitatum,
905 3780 1135 3876 agnationum,
1152 3779 1373 3866 alluvionum,
1390 3779 1454 3853 cir-

390 3927 407 3955 »
428 3890 692 3978 enmlnrionum,
714 3920 893 3980 nexorum,
911 3894 1091 3993 parietum,
1112 3892 1294 3982 luminum,
1318 3890 1452 3967 stillici-

420 4080 429 4109 ¹
447 4077 523 4130 Noct.
540 4077 617 4131 Attic.
631 4075 674 4129 tib.
688 4074 765 4142 XIV,
777 4095 833 4146 cap,
845 4096 866 4129 a.

419 4172 431 4202 ²
449 4168 517 4223 Vide
530 4181 558 4223 et
569 4169 613 4222 tib.
625 4169 695 4237 Xll,
709 4188 764 4238 cap.
779 4171 817 4223 13.

417 4258 428 4293 ³
445 4260 500 4314 Lib.
513 4260 538 4328 l,
549 4279 604 4331 cap.
617 4263 648 4315 38
659 4283 666 4327 3
683 4260 742 4315 vide
754 4271 781 4314 ct
792 4261 832 4334 39
