3159 5134
441 539 510 606 ET
534 538 912 607 PRAEFATIONES.
1144 540 1212 634 3¹7

142 697 278 768 cerunt,
307 706 412 779 quum
438 705 496 752 eos
526 676 650 765 libros,
679 702 763 778 quos
781 676 817 749 in
834 675 951 750 exsilio
969 677 1126 778 scripsit,
1144 708 1212 753 uno

142 804 326 904 eodemque
340 800 509 876 volumine
528 829 604 876 cum
616 828 673 875 sex
685 800 739 875 lois
752 800 910 899 conjungi
925 798 1062 890 solitos,
1080 801 1215 880 scholiis

142 925 376 1013 illustrassem,
394 941 433 998 ut
448 923 485 997 hi
503 922 615 998 eadem
633 950 766 1024 quoque
787 921 957 1020 diligentia
981 942 1013 997 et
1036 923 1221 1026 industria„
1276 964 1279 972 ·

144 1079 209 1152 qua
222 1050 258 1123 in
269 1047 338 1149 illis
345 1075 427 1123 usus
437 1069 536 1137 eram,
546 1074 617 1123 mea
627 1047 664 1121 in
674 1045 780 1121 lucem
794 1046 975 1148 prodirent.
989 1046 1082 1145 Quid
1092 1047 1217 1123 multa?

144 1175 190 1246 Et
203 1172 264 1261 iis,
278 1188 313 1246 et
326 1168 524 1272 quibusdam
537 1169 611 1246 aliis
627 1170 722 1259 viris,
737 1198 880 1271 quorum
893 1169 1133 1271 propemodum
1149 1171 1214 1247 sub

144 1294 284 1397 imperio
301 1321 375 1368 sum
389 1298 530 1390 (notum
545 1294 631 1368 enim
648 1310 713 1381 est,
733 1321 835 1394 quam
850 1290 963 1390 legum
980 1293 1111 1383 studio,
1126 1293 1216 1370 aliis·
1310 1317 1318 1330 “

146 1445 210 1518 qne
222 1416 367 1513 negotiis
379 1417 442 1492 sim
456 1419 662 1519 occupatus)
674 1416 858 1518 parendum
873 1417 973 1505 duxi,
989 1420 1139 1519 quamvis
1151 1420 1217 1495 hoc

146 1570 233 1616 onus
243 1540 326 1616 meis
337 1540 465 1616 viribus
475 1538 575 1637 longe
585 1541 692 1642 impar
704 1567 774 1615 esse
788 1541 955 1616 senserim.
967 1543 1095 1615 florum
1107 1559 1216 1618 tamen

146 1694 242 1739 causa
266 1683 299 1739 et
320 1663 469 1766 impulsu
492 1665 520 1739 si
551 1664 633 1766 quid
658 1693 677 1738 a
699 1693 751 1738 me
775 1664 960 1766 prestitum
984 1662 1103 1754 luerit,
1129 1667 1219 1767 quod

86 1827 88 1832 ¹
147 1788 283 1864 eruditis
300 1787 448 1889 placeat,
465 1786 618 1877 lutabom
637 1788 689 1862 sin
707 1789 838 1876 minus,
858 1814 914 1861 eos
931 1787 992 1861 hac
1007 1814 1079 1862 meu
1097 1787 1218 1864 voluu-

147 1931 233 2003 tate,
254 1941 320 2016 qua
335 1911 524 2015 preclaram
540 1911 683 2014 aliquam
701 1942 771 1986 rem
788 1929 943 2014 praestare
959 1913 1156 2014 cupiissent,
1180 1915 1216 1988 in

147 2038 262 2138 primis
278 2054 453 2113 contentos
468 2063 540 2112 esse
556 2034 659 2110 decet.
687 2034 739 2108 De
754 2036 895 2109 Ovtltlo
912 2052 1021 2109 autem
1045 2035 1139 2137 ipso,
1159 2037 1219 2137 qui

148 2189 166 2234 a
182 2157 427 2262 sapientissimo
442 2157 667 2262 philosopho,
685 2160 824 2246 Seneca,
838 2176 1011 2259 poetarum
1025 2159 1221 2255 ingeniosis·

149 2285 251 2359 simus
261 2313 331 2358 non
345 2281 510 2357 immerito
524 2300 674 2371 vocatur,
684 2282 764 2387 quid
780 2263 837 2356 hic
850 2281 957 2356 dicam
968 2283 984 2356 i
997 2282 1080 2384 quid
1094 2281 1134 2357 de
1148 2283 1218 2383 ejus

149 2409 183 2482 iu
196 2434 404 2510 quacumque
418 2404 610 2510 disciplina,
623 2434 695 2509 qoae
708 2408 779 2506 ejus
791 2407 898 2508 ipsius
910 2405 1014 2481 etatis
1025 2405 1219 2482 hominibus

150 2549 330 2618 notuerat,
344 2529 558 2633 praestantia?
569 2530 692 2604 Nonne
704 2530 759 2603 his
771 2529 990 2613 carminibus,
1005 2528 1129 2630 quibus
1143 2556 1220 2631 per·

150 2674 282 2730 secutus
299 2667 350 2730 est
365 2683 439 2756 qua
463 2653 505 2728 ad
528 2672 652 2730 veteres
675 2655 902 2728 Romanorum
923 2652 1009 2726 ritus
1028 2653 1218 2754 pertinent,

149 2806 288 2882 queque
305 2779 384 2876 (hac
401 2778 535 2879 quidem
550 2778 584 2851 in
599 2778 651 2877 re)
664 2775 780 2863 exilia,
798 2775 904 2861 nuda,
919 2775 1096 2875 jejunaque
1109 2792 1218 2862 erant,

150 2903 222 3002 (sic
238 2904 326 2977 enim
344 2902 404 2990 iis,
422 2900 480 3003 qui
502 2900 638 2975 materia
664 2900 838 3002 proposita
859 2895 986 3000 aliquid
1012 2894 1222 2972 scribendum

151 3026 355 3127 suscipiunt,
369 3024 405 3098 in
416 3053 496 3125 quo,
506 3022 608 3099 veluti
621 3023 768 3125 spatioso
777 3050 904 3123 campo,
916 3021 1024 3117 vagari
1036 3036 1219 3121 nequeant,

152 3149 294 3224 accidere
305 3146 411 3248 solet)
421 3147 579 3244 graviter,
594 3163 727 3234 ornate,
741 3146 941 3248 copioseque
952 3143 1126 3219 tractavit?
1140 3141 1221 3244 quid

153 3271 192 3345 de
205 3270 412 3374 eloquentia,
430 3300 496 3372 qua
505 3269 589 3345 alios
606 3268 727 3345 latinos
749 3286 881 3371 poetas,
896 3285 934 3342 ut
952 3265 1138 3341 Gulielmus
1150 3266 1223 3340 Sir-

154 3394 254 3483 letos,
267 3392 442 3494 cardinalis
454 3391 692 3495 amplissimus;
705 3390 911 3494 Hippolytus
921 3386 1124 3491 Capilupus,
1134 3389 1223 3491 epis·

153 3547 276 3619 copus;
294 3519 343 3592 Μ.
362 3517 533 3592 Antonius
549 3518 722 3603 Muretus,
738 3515 858 3589 Petrus
879 3513 1084 3599 Ciaecouus,
1100 3510 1222 3612 aliique

152 3642 213 3716 viri
230 3641 414 3717 doctissimi
431 3643 599 3731 sentiunt,
616 3639 715 3736 longe
743 3637 873 3740 lateque
890 3637 1081 3740 superavit?
1097 3636 1136 3710 in
1157 3661 1223 3736 qua

153 3792 249 3853 eum,
266 3783 305 3839 ut
331 3763 372 3839 de
397 3763 499 3839 altera
527 3763 646 3866 loquar
669 3760 846 3850 facultate,
866 3744 1024 3837 Cicerone
1049 3775 1083 3832 et
1107 3757 1222 3848 Liuio,

154 3886 279 3989 quibus
294 3887 385 3990 apud
397 3887 536 3963 Latinos
552 3887 719 3989 copiosius
738 3915 836 3961 nemo
852 3884 1004 3985 scripsit,
1017 3879 1223 3968 inferiorem,

155 4010 182 4084 si
200 4011 276 4112 quis
293 4039 369 4086 vere
383 4029 484 4114 atque
508 4012 699 4112 incorrupte
711 4009 894 4110 judicabit,
910 4006 1044 4082 minime
1059 4004 1223 4107 reperiet,

155 4132 212 4208 sed
227 4133 274 4208 eis
289 4135 409 4209 merito
426 4133 609 4238 comparari
626 4160 725 4235 posse
738 4162 776 4208 ac
788 4132 908 4210 debere
924 4128 1163 4206 confitebitur..
1173 4183 1199 4201 ..

567 4322 807 4348 nno-*-
