3159 5134
369 501 436 587 ιω
634 500 866 569 nonium
887 501 1182 570 cinerum

867 638 954 702 1501.

408 770 549 849 Epistola
564 768 729 843 Heroides,
747 771 864 853 Sappho
875 784 905 833 ct
918 772 950 831 in
963 771 1038 831 lbiu.
1054 773 1089 830 ln
1098 770 1175 832 fine:
1191 771 1257 832 «Et
1269 772 1312 832 sic
1322 783 1367 832 est
1379 772 1443 835 linis

368 867 455 951 liujus
471 867 589 950 operis,
604 867 634 925 in
654 888 714 949 quo
733 868 795 929 baec
815 868 911 928 omnia
933 866 1120 928 continentur
1139 866 1281 929 uidelicet.
1297 869 1332 929 P·
1347 870 1447 932 Ovidii

371 967 497 1029 Nasonis
524 966 666 1049 Epistula
686 966 850 1041 Heroides,
863 989 920 1027 uua
941 990 1007 1028 cum
1031 965 1258 1049 expositionibus
1279 969 1447 1032 eximiorum

368 1069 518 1142 virorum,
534 1068 607 1128 Ant.
620 1066 720 1128 Volsci
731 1109 741 1140 ‚
752 1065 946 1149 chrtiuique
964 1067 1092 1141 Clerici,
1108 1068 1342 1131 Crescentiuatis.
1358 1073 1447 1154 Ejus·

372 1165 438 1227 dem
463 1165 564 1228 Ovidii
580 1165 717 1246 Sappho,
737 1188 802 1227 cum
825 1166 1005 1248 expositione
1022 1167 1239 1250 singularissimi
1259 1167 1448 1251 interpretis,

371 1264 494 1324 Domitii
508 1261 662 1325 salderini.
677 1264 741 1324 Nec
758 1284 819 1325 uon
834 1264 962 1346 ejusdem
979 1264 1080 1326 Ovidii
1096 1263 1207 1326 libellus
1224 1264 1254 1324 iu
1273 1264 1364 1341 lbim,
1382 1290 1446 1328 cum

374 1364 556 1447 expositione
569 1362 696 1446 ejusduu
709 1363 844 1425 Domitii.
862 1364 953 1438 Quod
968 1386 1040 1442 opus
1051 1363 1170 1425 feliciter
1182 1364 1447 1448 accuratissimeque

372 1464 543 1546 impressum
558 1462 615 1523 luit
629 1462 759 1524 venetii·
772 1506 782 1536 ‚
799 1485 851 1540 per
864 1465 1006 1524 loannem
1019 1462 1173 1547 Aluysium
1184 1463 1220 1524 de
1229 1464 1357 1540 Varisio,
1378 1466 1445 1526 tte-

375 1565 446 1626 diol.
464 1563 670 1636 MCCCCCI,
685 1562 825 1648 vigesimo
834 1564 972 1626 Kalendas
986 1563 1069 1624 Julii
1082 1564 1155 1625 laus
1171 1564 1274 1624 Deo.»
1291 1564 1395 1627 in-sol
1405 1599 1445 1630 e-

370 1663 497 1736 Pmm,
515 1673 588 1724 tom.
605 1662 703 1736 Vlll,
718 1682 782 1746 pag.
800 1659 869 1738 344.

415 1770 558 1849 Epistulae
581 1792 646 1832 cum
662 1782 815 1832 comment
836 1769 993 1832 rariorum.
1018 1770 1053 1829 lu
1067 1769 1124 1830 fine
1141 1790 1149 1827 :
1165 1771 1371 1851 «impressum
1387 1771 1444 1831 Vc-

373 1870 457 1932 uetiia
468 1872 672 1952 perJoauncm
682 1868 886 1930 Tacuiuumde
897 1866 1131 1942 Tritionrtm,
1144 1868 1335 1931 diexmencis
1343 1868 1442 1930 Julii.»

372 1967 476 2029 iu-[ol.
493 1990 560 2030 cum
575 1968 624 2054 fig.
635 2001 677 2015 -
690 1967 814 2042 Pariter,
827 1977 900 2028 tom.
914 1967 990 2026 Vlll
1001 2009 1011 2039 ,
1023 1987 1088 2049 pag.
1101 1963 1171 2041 341.

412 2073 607 2157 Epistolarum
624 2072 703 2134 liber.
719 2099 734 2127 ι
752 2071 1030 2155 imprees.1.iptzick
1047 2095 1098 2155 per
1115 2072 1325 2134 Bacmlaurium
1343 2069 1443 2133 Wolf·

372 2193 495 2258 gangum
512 2173 812 2246 Monacemcm‚anuo
823 2168 949 2230 Domini
957 2169 1158 2232 mccccct.
1171 2198 1186 2224 κ
1195 2167 1442 2244 intr-Pam,

278 2299 282 2310 ·
372 2282 445 2332 tom.
460 2270 543 2344 vlt,
562 2265 708 2352 pag.138.

414 2385 449 2443 ln
467 2384 596 2464 Sappho·
627 2382 790 2464 Sapphicou
817 2381 943 2442 Aruoldi
968 2382 1162 2446 Westefeldes
1188 2384 1388 2447 Lindauiensis
1409 2385 1444 2446 ad

373 2483 534 2544 Lectorem.
547 2483 583 2542 ln
592 2481 648 2544 fine
663 2504 671 2540 ε
689 2509 704 2535 α
715 2483 890 2564 impressum
901 2481 990 2564 Liprl
1001 2503 1052 2566 per
1066 2482 1206 2545 Jacobum
1221 2484 1360 2548 Tbauuer
1370 2487 1444 2546 ller-

373 2580 568 2664 bipolenrcm‚
585 2602 661 2643 anuo
678 2579 774 2642 salutis
784 2593 883 2642 nostre
897 2578 984 2642 1501.
993 2608 1009 2637 ι
1021 2580 1156 2656 ἰη-40.-
1165 2582 1271 2642 Pauaer
1281 2627 1292 2660 ‚
1301 2596 1373 2645 tom.
1387 2585 1443 2658 XI,

373 2703 437 2765 pag.
454 2679 524 2764 429.

414 2791 482 2851 Duo
502 2787 567 2849 libri
587 2788 766 2850 continentes
789 2779 907 2849 Amoris
928 2788 1073 2850 Remedia.
1101 2790 1136 2849 iu
1159 2788 1215 2850 fine
1233 2812 1240 2847 :
1259 2816 1274 2841 s
1290 2791 1324 2849 P.
1342 2789 1441 2852 Ovidii

372 2888 499 2950 Nasonis
514 2887 550 2948 de
564 2885 705 2947 Remedio
720 2884 838 2947 Amoris
855 2883 920 2945 libri
935 2886 992 2946 duo
1006 2908 1013 2943 ε
1027 2884 1167 2947 industria
1184 2885 1306 2946 Amoldi
1317 2887 1441 2948 chte-

372 2984 460 3047 fclder
480 2986 668 3068 ingenuarum
684 2983 787 3044 artium
802 2983 928 3067 magistri
942 2985 1091 3046 emendati.
1105 2987 1194 3048 Auno
1210 3006 1226 3047 a
1240 2985 1323 3047 natali
1337 2985 1441 3048 Chris·
1525 2991 1527 2993 ’

371 3085 451 3144 tiano
473 3079 566 3153 1501,
585 3081 707 3161 septimo
733 3081 801 3141 ldus
819 3082 901 3142 Junii
915 3104 922 3141 :
936 3081 1056 3145 feliciter
1073 3084 1301 3146 terminantur.»
1322 3085 1441 3168 insigne

373 3197 432 3269 typ.
449 3185 510 3244 lac.
525 3181 670 3243 Tbanner.
680 3178 774 3254 irs-4⁰.
789 3214 831 3227 -
843 3182 966 3256 Panaer,
984 3181 1051 3243 ibid.

414 3289 512 3353 Ovidii
520 3288 683 3371 quindecim
693 3286 963 3370 Metamorphoseos
975 3288 1040 3349 libri
1052 3290 1216 3375 diligentius
1226 3293 1371 3376 recogniti
1378 3314 1440 3354 cum

372 3386 551 3451 familiaribus
561 3386 770 3450 commentariis
780 3409 788 3446 ι
800 3398 830 3447 ct
842 3386 933 3449 iudice
945 3385 1120 3464 alphabetico
1130 3389 1165 3450 ab
1178 3388 1321 3452 Asceusio
1336 3412 1440 3453 summa

374 3509 441 3551 cum
457 3489 602 3550 collecto:
652 3547 655 3552 ,
1412 3489 1415 3493 ’

492 3645 496 3654 ’
537 3636 566 3691 si
576 3636 658 3690 virtus
667 3635 748 3689 animi
760 3635 839 3689 rebus
850 3646 971 3705 prestare
983 3635 1087 3691 caducis

537 3726 664 3782 Creditur
676 3748 683 3781 ε
696 3726 803 3782 excultis
812 3726 850 3780 uil
862 3725 973 3797 dignum
985 3727 1085 3781 duxero
1098 3728 1178 3782 libris.

536 3818 604 3873 Ecce
617 3837 709 3889 parare
721 3818 769 3873 tibi
781 3816 889 3888 posthac
901 3816 1018 3872 studiosa
1029 3818 1153 3887 juventus
1247 3841 1249 3846 ’

536 3910 600 3965 AEre
614 3921 689 3979 poter
700 3908 806 3963 modico
816 3927 881 3978 quos
893 3910 978 3963 multo
987 3909 1166 3980 immisimus
1179 3928 1252 3965 auro.

371 4055 580 4119 Veuundantur
595 4052 730 4136 Lugduni
745 4051 781 4114 ab
793 4051 906 4115 Jacobo
922 4055 1098 4136 Huguetano
1114 4055 1241 4137 ejusdem
1257 4055 1376 4119 civitatis
1393 4056 1440 4117 bi-

372 4151 497 4232 bliopola
510 4162 540 4213 et
553 4151 615 4212 cive
626 4150 655 4209 in
670 4147 734 4211 vico
749 4149 932 4227 mercuriali,
945 4163 1000 4213 etc.
1019 4153 1059 4213 Et
1072 4152 1216 4230 parrhisiis
1232 4153 1263 4214 iu
1273 4154 1339 4217 vico
1352 4156 1440 4217 sancti

370 4250 471 4316 Jacobi
496 4248 549 4313 sub
573 4247 647 4313 Diva
666 4246 787 4330 Virgine
808 4270 899 4328 prope
921 4250 1057 4313 Sanctum
1082 4253 1280 4317 Benedictum.
1307 4257 1341 4315 lu
1356 4255 1436 4315 line:
