3159 5134
368 483 429 576 176
695 485 733 550 r.
760 484 944 570 ovinn
974 485 1111 553 vira

363 623 549 700 tituendnm
563 625 756 726 suscepisse.
770 627 864 700 Idem
874 626 994 732 diserte
1007 629 1097 702 canit
1109 626 1343 701 Albinovanus
1353 628 1441 702 Con·

361 741 424 814 sol.
442 742 483 816 ad
499 741 641 830 Liviam,
661 743 701 817 de
716 745 830 818 Morte
846 743 967 830 Drusi,
985 769 1004 815 a
1020 769 1102 816 vers.
1123 740 1195 814 283
1212 773 1220 814 :

528 889 620 958 Adjice
632 890 754 952 ledeos,
766 889 907 944 eoncordia
919 889 1005 944 sidera
1014 891 1142 958 ‚sum

565 976 720 1044 Templaque
732 978 852 1028 Romano
864 975 1049 1043 conspicienda
1051 976 1115 1043 som
1129 987 1179 1030 cte,

531 1061 586 1115 Nec
597 1079 643 1114 sua
653 1061 815 1128 conspiciet,
826 1060 954 1114 miserum
965 1060 1022 1113 rue!
1033 1080 1145 1114 munera
1157 1063 1275 1122 limus.

559 1145 616 1198 Nec
627 1164 673 1198 sua
685 1163 739 1214 pre
752 1145 844 1214 templi
856 1144 966 1197 nomina
979 1144 1069 1198 fronte
1083 1145 1166 1214 leget!

525 1229 601 1299 Saepe
613 1231 695 1284 Nunu
708 1233 716 1262 ¹
730 1228 757 1282 in
769 1228 891 1284 lacrimas
902 1230 1041 1284 summissa
1052 1249 1116 1283 voce
1128 1230 1269 1300 loquetur:

566 1312 624 1366 Cur
635 1313 820 1380 adsultans,
834 1313 887 1367 beu
896 1313 903 1364 i
913 1315 968 1367 sine
980 1313 1080 1381 fratre,
1091 1315 1184 1366 Deos?

366 1433 433 1506 Dio
452 1443 465 1471 ²
483 1430 608 1533 pariter
634 1447 793 1517 testatur,
817 1430 852 1503 id
870 1428 1031 1532 templum
1049 1429 1222 1531 utriusque
1237 1429 1364 1516 fratris,
1383 1431 1443 1503 Ti-

368 1550 452 1624 berii
472 1549 662 1648 Drusique,
685 1549 819 1622 nomine
836 1548 1024 1623 dedicatum
1038 1548 1160 1651 luisse,
1182 1576 1337 1635 nameus,
1357 1547 1444 1622 illud

369 1667 464 1739 etiam
475 1664 608 1762 plebem
619 1665 802 1738 Romanam
813 1664 969 1739 memon‘a
978 1665 1082 1739 Drusi
1092 1666 1302 1754 remeavisse,
1316 1701 1333 1729 «
1349 1667 1441 1767 qnod

369 1782 563 1856 »Tiberius
594 1782 628 1855 in
653 1782 860 1856 dedicatione
884 1783 964 1857 adis
982 1783 1131 1857 Castoris
1156 1801 1189 1857 et
1206 1782 1353 1859 Pollucis
1369 1814 1440 1858 non

370 1935 387 1966 ι»
409 1898 584 1976 Claudiani
605 1898 727 1985 modo,
746 1899 945 2000 (adoptatus
962 1900 1049 1975 enim
1067 1900 1101 1974 in
1120 1899 1276 1976 familiam
1294 1903 1442 1998 Augusti

370 2017 627 2092 »Claudianum
659 2046 693 2092 se
723 2046 787 2119 pro
813 2017 954 2093 Claudio
979 2020 1243 2120 nuncupabat),
1267 2020 1325 2094 sed
1350 2020 1441 2096 illius

372 2171 389 2204 »
412 2136 566 2234 (Drusi)
585 2162 721 2236 quoque
736 2163 859 2209 nomen
877 2137 907 2209 ei
921 2137 1101 2238 inscripsit.
1124 2169 1141 2201 u
1432 2125 1436 2134 ¹

326 2273 328 2279 ’
418 2252 547 2325 Deinde
565 2253 655 2325 Naso
672 2250 786 2326 eodem
802 2251 915 2353 priore
930 2250 1007 2325 loeo
1019 2252 1160 2338 indicat,
1177 2250 1334 2352 templum
1358 2250 1442 2325 illud

367 2367 412 2442 ud
421 2369 521 2441 hema
537 2367 727 2452 ‚lutummm
748 2384 787 2440 ut
801 2366 902 2442 babet
918 2368 1017 2442 etiam
1031 2368 1166 2455 Victor,
1185 2367 1303 2454 inisse,
1317 2367 1351 2440 in
1365 2369 1439 2469 ipso

368 2483 523 2557 nimirum
529 2482 608 2582 fhro
625 2484 793 2570 Rostrum,
821 2483 872 2558 nti
896 2483 968 2558 loca
990 2483 1091 2558 modo
1115 2510 1153 2557 ex
1175 2482 1386 2557 Albinovano
1404 2510 1442 2555 ac

369 2599 529 2673 Suetonio
549 2598 680 2674 laudata
697 2600 867 2688 evincunt,
888 2629 961 2700 quae
980 2599 1165 2674 doctissimi
1183 2599 1243 2673 viri
1262 2599 1410 2674 Donatus
1427 2596 1440 2635 ³

370 2744 406 2789 ac
427 2716 565 2788 Nardini
584 2714 597 2762 ⁴
615 2716 656 2789 de
673 2719 778 2790 Roma
796 2717 933 2816 antiqua
957 2715 1137 2789 scribentes
1158 2715 1360 2802 omiserunt,
1379 2710 1441 2786 alia

368 2831 588 2932 proferentes,
604 2832 791 2932 quaelectur
803 2830 963 2906 consulat.
975 2831 1107 2905 Addere
1121 2849 1228 2904 tanuen
1243 2830 1337 2905 lubet
1349 2828 1441 2905 aliud

369 2949 476 3023 adhuc
494 2978 533 3023 ex
550 2951 676 3024 Nostro
693 2949 937 3036 testimonium,
960 2977 1027 3048 quo
1045 2965 1156 3048 patet,
1174 2948 1322 3022 Castoris
1338 2947 1441 3022 aedem

369 3062 472 3138 suisse
488 3062 671 3164 proximam
687 3063 775 3137 Jutii
790 3062 926 3138 Cusuris
945 3063 1090 3164 templo,
1110 3062 1201 3164 quod
1222 3064 1306 3136 etin
1324 3062 1440 3135 eodem

368 3179 441 3253 foro
460 3178 681 3254 'constitutum
698 3197 829 3254 constat
843 3176 875 3268 ⁵,
894 3178 1018 3253 scilicet
1035 3179 1093 3252 lib.
1112 3182 1145 3252 ll
1163 3208 1202 3254 ex
1221 3180 1352 3267 Ponto,
1371 3179 1436 3278 Ep.

371 3314 417 3383 11,
437 3323 519 3369 vers.
538 3293 585 3367 85
601 3313 633 3368 et
647 3293 694 3366 86
709 3325 717 3367 :

533 3440 668 3495 Fratribus
679 3438 833 3506 adsimileiu,
846 3459 910 3509 quos
922 3440 1039 3508 proxima
1052 3440 1148 3509 templa
1160 3449 1281 3493 tenentes

565 3521 649 3576 Divus
660 3521 692 3576 ab
703 3523 800 3577 excelsa
811 3522 898 3577 Julius
909 3522 965 3576 ode
977 3522 1056 3577 videt.

401 3665 410 3696 ¹
427 3662 550 3718 Tiberius
562 3681 657 3733 nempe
671 3662 762 3729 Nero,
775 3661 857 3716 Drusi
869 3661 951 3718 lruter
965 3673 1027 3717 natu
1040 3664 1140 3734 major,
1158 3663 1202 3732 qui
1215 3672 1274 3732 post
1287 3661 1435 3730 Augustum

368 3747 514 3820 imperarit.

399 3837 411 3865 ²
428 3833 486 3887 Lib.
497 3833 555 3900 LV,
569 3852 625 3904 pag.
635 3834 690 3904 567.

398 3915 411 3947 ³
428 3915 485 3968 Lib.
499 3914 541 3979 ll,
554 3935 609 3984 cap.
625 3936 662 3985 ¹7·

398 3998 410 4034 ⁴
428 3997 484 4050 Lib.
499 3997 583 4063 vtlt,
595 4016 650 4065 cap.
665 4000 688 4063 4.

400 4079 412 4112 ³
429 4079 494 4132 Aliis
506 4079 621 4144 omissis,
642 4089 682 4133 sat
694 4081 743 4133 erit
755 4078 886 4147 Ovidius,
903 4080 972 4136 Fast.
983 4081 1026 4135 lib.
1043 4081 1101 4148 ttl,
1114 4100 1179 4135 vers
1193 4099 1240 4151 7⁰²
1254 4099 1261 4133 :
1277 4101 1290 4126 u
1304 4080 1374 4149 Qut
1387 4100 1438 4134 ee-

367 4161 430 4216 eidit
441 4161 521 4228 ferro,
534 4165 642 4216 Cesaris
654 4161 747 4216 umbra
756 4161 813 4216 luit
824 4162 870 4217 llle
881 4164 989 4232 quidem
996 4164 1060 4219 culo
1072 4164 1168 4234 positus
1179 4162 1253 4218 loris
1264 4162 1436 4229 atriaserrat,

371 4245 406 4300 Et
417 4258 489 4301 tenet
504 4248 530 4300 iu
543 4264 640 4316 magno
651 4252 744 4316 templo
755 4245 838 4302 dicata
850 4250 922 4302 Foro.
930 4269 943 4295 u
