3159 5134
359 480 425 549 286
536 409 547 452 l
685 475 1079 547 DEDICATIONES

356 619 539 723 permulcet
556 619 723 695 Ovidius:
742 619 930 694 rationibus
944 616 1215 717 argumentisque
1236 614 1428 716 pervincet,

355 736 500 810 humana
518 733 628 806 omnia
644 761 714 807 esse
729 733 873 807 bumane
892 750 925 806 et
946 730 1112 810 moderate
1137 729 1303 804 serenda:
1327 727 1431 804 molli

356 851 585 950 objurgatione
603 849 773 950 querelas,
790 848 1035 949 muliebresqus
1048 845 1240 947 ejulatioues
1254 846 1401 920 excutiet
1416 873 1427 932 ;

358 970 504 1043 uirorum
522 967 656 1042 fortium
674 965 833 1067 exemplis
851 964 1018 1061 singultus
1044 980 1191 1065 premet,
1216 991 1255 1037 ac
1267 961 1430 1038 recondet

357 1084 515 1177 gemitum
527 1080 735 1155 adlocutione
743 1079 865 1154 blando
875 1076 1240 1179 lacrymasabstergebit
1250 1101 1258 1162 3
1270 1094 1303 1150 et
1312 1104 1427 1152 verum

358 1227 429 1273 esse
454 1191 711 1285 demonstrabit,
728 1195 820 1298 qu'od
842 1195 890 1269 sit
904 1195 944 1267 in·
957 1194 1106 1268 oratioue
1120 1191 1184 1288 περὶ
1203 1192 1300 1290 dp'm
1323 1191 1429 1266 distr*-

361 1313 509 1389 tissimus
526 1342 564 1388 ac
580 1312 790 1387 suavissimus
806 1311 920 1385 rhetor
936 1311 1097 1383 Isocrates
1115 1337 1123 1381 :
1138 1310 1205 1387 ταῖς
1226 1310 1346 1397 ψυχαῖς
1356 1310 1425 1388 ταῖς

359 1433 505 1511 tuotone
518 1430 606 1504 alth
619 1428 684 1502 ieri
701 1429 783 1500 dano
801 1429 952 1526 φὴμαιιω
970 1422 1046 1497 emh
1058 1425 1157 1512 λα’)ος.
1181 1422 1317 1520 Quibus
1336 1452 1425 1498 con·

357 1548 504 1622 sentiunt
520 1546 588 1619 boc
603 1545 639 1618 iu
657 1543 765 1617 scenis
776 1560 814 1616 et
828 1540 951 1616 sobolis
964 1540 1134 1614 decantata
1152 1571 1159 1612 :
1178 1538 1281 1628 sept
1302 1546 1425 1620 roem

359 1664 429 1740 sich
453 1663 546 1760 inepti
563 1658 655 1748 abac
672 1657 758 1747 tdyse
773 1658 831 1757 peip
845 1657 911 1731 ieri
932 1656 1080 1757 φήμαν
1096 1655 1187 1737 >stim
1201 1657 1291 1745 mitte
1308 1660 1322 1729 i
1339 1655 1423 1744 trip«

360 1776 455 1873 ἷατρές
471 1773 507 1848 od
524 1772 605 1845 saed
625 1771 722 1863 4⁰le
745 1774 858 1854 πάθους.
885 1773 1010 1872 Nempe
1030 1787 1070 1844 ut
1090 1797 1186 1844 canes
1210 1768 1343 1843 vulnera
1362 1779 1424 1844 suia

361 1888 535 1966 lambendo
558 1906 692 1976 sanant,
714 1885 846 1987 illisque
866 1915 928 1987 pro
952 1886 1190 1962 medicamento
1211 1904 1262 1962 est
1287 1886 1422 1982 lingua3

360 2010 407 2082 sic
419 2007 528 2081 auimo
541 2020 685 2101 egroto,
700 2021 733 2077 et
745 2005 814 2078 ictu
826 2003 953 2079 doloris
966 2004 1097 2095 saucio,
1111 2004 1262 2080 salutaris
1275 2022 1324 2079 est
1336 2022 1422 2080 tem·

362 2123 488 2224 pestive
499 2120 647 2194 adbibita
657 2120 818 2194 orationis
830 2120 1003 2195 medicina.
1021 2121 1192 2205 Memoria
1208 2121 1426 2222 prodiderunt

359 2236 569 2313 Democritus
580 2253 614 2309 et
620 2234 872 2336 Theophrastus
887 2237 1072 2338 viperarum
1083 2237 1323 2338 hominumque
1336 2265 1424 2312 mor·

361 2383 417 2427 sus
434 2351 635 2454 quibusdam
655 2352 811 2427 tibiarum
828 2352 975 2426 infractis
991 2352 1277 2428 modulationibus
1294 2353 1425 2427 curari:

361 2467 452 2569 quod
466 2488 499 2542 et
514 2467 700 2542 ischiadicis
713 2468 904 2543 existimant
915 2468 1073 2570 prodesse
1086 2469 1276 2573 plurimum.
1299 2470 1425 2543 Contra

362 2613 465 2686 quum
483 2583 784 2684 Phrygiosmodos
802 2584 923 2658 tibicen
938 2584 1122 2672 iuciuebut,
1140 2586 1235 2686 quasi
1250 2584 1425 2685 repentino

361 2704 473 2778 furore
488 2730 526 2777 ac
537 2702 630 2777 rabie
647 2702 780 2803 perciti,
801 2702 888 2777 Galli
909 2701 1072 2803 Cybeles,
1089 2702 1212 2776 ferrum
1225 2703 1258 2775 in
1272 2730 1307 2776 se
1325 2701 1425 2777 strin-

363 2818 500 2915 gebrant,
514 2818 697 2893 eturembra
707 2846 765 2894 sua
774 2817 960 2906 laniabant,
976 2847 1048 2920 quae
1058 2819 1185 2893 ubuum
1193 2817 1320 2892 insania
1331 2834 1423 2891 tauto

363 2932 541 3007 intervallo
554 2934 596 3006 ad
612 2962 724 3009 eorum
743 2934 881 3029 gentiles
899 2963 974 3007 nou
989 2933 1199 3035 pervenisset.
1224 2935 1301 3005 Nou
1325 2932 1423 3008 dissi-

360 3046 452 3120 milis
469 3063 520 3122 est
536 3046 585 3120 vis
602 3048 761 3122 orationis
777 3066 813 3122 et
826 3046 979 3134 facultas,
1000 3075 1073 3149 quae
1096 3047 1124 3122 si
1146 3046 1371 3122 uehementius
1388 3046 1424 3118 iu

363 3189 458 3237 aures
474 3162 678 3238 audientium
693 3163 897 3251 intruditur,
914 3163 1124 3265 quautuumis
1140 3164 1267 3265 quietas
1284 3180 1317 3238 et
1330 3162 1424 3238 sedu-

364 3297 415 3354 tas
432 3297 559 3353 ruentes
574 3279 770 3353 concitatae
785 3279 962 3381 perturbat·
981 3311 989 3352 :
1010 3279 1062 3354 siu
1077 3277 1180 3352 levius
1202 3277 1329 3366 influit,
1347 3307 1423 3378 per-

363 3397 514 3488 turbatas
529 3414 564 3470 et
576 3397 755 3472 concitatas
770 3397 877 3484 sedat,
893 3396 1033 3497 oleoque
1046 3395 1289 3497 tmuquilliores
1303 3396 1421 3471 reddit.

365 3513 413 3585 At
428 3512 500 3586 ista
515 3509 815 3613 pbilosophorum,
835 3540 907 3594 uon
931 3528 1115 3598 oratorum,
1134 3530 1212 3586 suut
1232 3510 1424 3586 consolandi

365 3630 498 3729 partes?
515 3626 609 3725 Quid
625 3628 654 3701 si
667 3626 887 3730 philosophos
903 3627 996 3728 ipsus
1007 3625 1186 3701 ostendero
1205 3652 1286 3701 suos
1309 3625 1425 3701 bortu-

366 3742 436 3828 los,
455 3743 542 3817 uude
565 3743 709 3819 remedia·
721 3744 850 3818 morbis
869 3744 1052 3817 animorum
1068 3760 1202 3844 petunt,
1222 3742 1425 3817 Ouidiilou·

368 3854 460 3932 tibus
475 3856 626 3953 irrigasse
638 3860 652 3930 ?
666 3857 821 3958 Optime,
839 3877 879 3934 ut
891 3859 1034 3933 measert
1051 3859 1185 3960 opinio,-
1201 3856 1242 3931 de
1257 3856 1349 3933 luctu
1364 3859 1426 3932 mi·

268 3999 270 4002 ·
367 3973 500 4050 uueudo
512 3975 645 4076 scripsit
658 3977 695 4049 L
710 3976 854 4050 Auuaerrs
868 3976 998 4051 Seneca.
1011 3975 1174 4071 Perlegite
1189 3975 1260 4074 ujus
1272 3974 1424 4049 consuta

366 4090 525 4166 tionesad
535 4090 724 4192 Polybium,
737 4089 867 4166 Claudii
877 4092 1194 4182 Cumrislibertum
1207 4092 1248 4167 ad
1259 4092 1423 4178 Martium,

369 4207 472 4282 Cordi
486 4206 646 4284 Cremutii
656 4206 776 4297 filium3
792 4208 835 4284 ad
844 4201 994 4288 Helviam
1006 4228 1142 4286 manem
1157 4242 1165 4283 :
1180 4208 1336 4284 uisimibi
1345 4235 1424 4282 cou-
