3159 5134
338 516 996 588 DESCRIPTIOSULMONIS.
1133 516 1197 586 ‘253

131 678 243 737 eutem
257 659 343 736 cives
353 661 462 735 nostri
478 659 514 734 id
526 659 683 748 fecerint,
698 659 785 734 ratio
799 678 870 748 est,
888 660 966 761 qnia
978 660 1088 734 Caesar
1099 658 1199 734 Marii

131 795 267 852 secutus
277 793 445 877 estpartes
459 776 658 877 :Pompeius
667 804 745 850 rem
753 775 851 878 Syllae
860 833 870 863 ,
879 776 937 879 qni
947 776 1081 879 quidem
1094 777 1201 879 Sylla,

132 909 174 965 nt
190 892 344 992 superius
360 892 597 988 cognovimus,
625 890 816 967 Sulmonem
836 891 937 967 deleri
961 921 1000 966 ac
1026 891 1112 967 dirui
1133 893 1202 992 jus·

131 1022 233 1091 serat3
250 1004 417 1106 ideoquea
430 1005 556 1079 Caesare
569 1023 653 1080 stare
665 1004 851 1083 voluerunt.
868 1008 916 1080 M.
926 1004 1058 1081 Tullius
1069 1007 1202 1094 Cicero,

131 1118 192 1192 lib.
208 1121 312 1209 Vlll,
325 1119 366 1192 ad
377 1120 546 1208 Atticum,
560 1120 645 1195 bane
658 1150 726 1195 rem
739 1120 840 1223 paulo
852 1120 947 1196 aliter
961 1139 1090 1196 namot:
1102 1154 1119 1186 α
1128 1120 1205 1194 Sul·

132 1266 152 1301 »
167 1261 278 1322 mone,
288 1233 410 1335 inquit,
418 1237 454 1310 C.
464 1236 595 1311 Attium
604 1235 777 1332 Pelignnm
787 1236 955 1337 aperuisse
963 1236 1114 1309 Antonio
1125 1263 1204 1335 por·

14 1342 20 1357 ”
133 1380 152 1413 »
169 1364 239 1434 tas,
254 1374 358 1447 quum
373 1366 482 1422 essent
497 1347 653 1423 cohortes
668 1350 815 1449 quinque
833 1349 901 1445 :Q
921 1349 1110 1423 Lucretium
1128 1349 1205 1422 inde

135 1496 153 1528 »
168 1462 327 1558 effugisse
337 1463 418 1537 scis:
431 1462 622 1538 Cnaeumire
632 1461 847 1537 Brundisium
857 1463 1034 1539 desertum.
1047 1465 1206 1540 Confecta

136 1613 155 1645 n
169 1597 294 1654 resest.
307 1581 502 1653 »Attamen
511 1578 615 1675 magis
626 1579 764 1667 Caesari,
784 1581 843 1680 qui
851 1579 951 1655 rebus
959 1583 1113 1677 gerenffis
1124 1612 1206 1686 prae·

137 1714 222 1785 erat,
238 1725 337 1797 quam
348 1695 476 1771 absenti
489 1696 658 1784 Ciceroni,
672 1696 745 1784 oui,
758 1695 795 1768 id
808 1696 896 1773 utab
909 1696 982 1772 aliis
993 1698 1205 1796 intelligeret,

133 1839 266 1886 necesse
282 1827 373 1899 erat,
392 1809 589 1884 credendum
606 1838 677 1895 esse
692 1809 848 1885 arbitror.
868 1812 1013 1885 Orosius
1030 1813 1127 1887 etiam
1145 1813 1204 1888 lib.

134 1928 275 2025 Vl,cap.
294 1922 346 2012 15,
358 1923 498 1998 Caesaris
506 1924 700 1998 sententiam
711 1923 903 1999 confirmare
912 1924 1088 1999 videturz«
1099 1928 1209 2001 Caesar

134 2072 195 2147 per
210 2042 416 2132 Antonium,
435 2060 487 2114 vll
505 2040 677 2129 cobortes,
695 2068 767 2141 quae
783 2040 876 2142 apud
890 2039 1080 2116 Sulmonem
1096 2072 1207 2117 mora·

134 2161 280 2246 bantur,
295 2185 314 2230 a
329 2156 485 2231 Lucretio
504 2155 631 2256 recipit.
653 2189 669 2221 »
682 2155 807 2244 Aliud,
830 2156 920 2257 quod
932 2156 1105 2231 adversum
1113 2156 1209 2232 illum

138 2276 262 2351 referre
279 2272 424 2375 possim,
441 2299 512 2346 non
532 2270 667 2347 memini
689 2299 740 2346 me
758 2271 885 2368 legisse.
904 2273 978 2346 Nisi
993 2273 1134 2349 sortasse
1148 2275 1206 2365 id,

137 2391 230 2492 quod
246 2387 429 2491 Polybius,
444 2385 504 2462 lib.
520 2390 587 2477 lll,
602 2405 636 2461 et
647 2387 777 2476 Livius,
794 2387 853 2462 lib.
867 2390 989 2478 XXII,
1008 2389 1049 2463 de
1062 2389 1209 2486 Pelignis

136 2509 313 2593 scribunt,
341 2505 399 2607 qui
415 2504 457 2580 ab
473 2503 662 2580 Hannibale
678 2505 836 2591 devastati
849 2525 952 2595 sunt,
971 2535 1040 2608 quo
1060 2525 1210 2610 tempore

137 2622 334 2697 Sulmonem
358 2649 492 2721 quoque
517 2620 627 2722 ipsum
652 2619 778 2724 aliquid
795 2619 898 2695 eladis
915 2639 948 2695 et
967 2622 1100 2721 jacturae
1118 2651 1208 2697 acce·

136 2739 245 2840 pisse,
262 2736 320 2838 qui
333 2734 458 2835 judicio
476 2734 598 2836 pollet,
614 2735 709 2811 facile
726 2737 792 2812 sibi
811 2736 1035 2837 persuadebit.
1053 2738 1105 2811 De
1129 2736 1207 2812 Sul-

137 2882 236 2929 mone
254 2852 350 2925 etiam
365 2851 452 2925 idem
470 2850 608 2940 Livius,
634 2850 694 2925 lib.
717 2852 854 2938 XXVI,
872 2849 1013 2937 Strabo,
1033 2850 1092 2923 lib.
1114 2852 1157 2939 V,
1175 2868 1209 2926 et

140 2966 360 3053 Ptolemaeus,
377 2963 436 3040 lib.
465 2967 533 3051 lll,
563 2993 632 3066 rap.
666 2966 957 3055 1,·meminerunt.
985 2964 1115 3038 Habuit
1139 2965 1209 3040 bac

141 3100 257 3159 nostra
271 3080 354 3155 urbs
370 3079 550 3155 interalios
562 3082 651 3155 viros
665 3079 770 3156 claros
783 3099 955 3183 poetamm
973 3079 1103 3168 lumen,
1119 3081 1212 3155 0v1·

140 3217 238 3275 munt
258 3229 266 3271 :
288 3197 498 3271 Francisenm
514 3197 715 3284 Barbatum,
735 3197 794 3295 qui
810 3194 904 3270 miles
921 3196 1052 3291 regius,
1066 3213 1100 3271 et
1111 3195 1212 3295 juris-

141 3312 313 3388 consultus
329 3313 467 3387 eximius
482 3311 563 3400 suit,
580 3310 763 3386 Petrarehae
778 3310 921 3395 amiens,
941 3310 982 3385 ad
997 3338 1095 3411 mem
1108 3309 1213 3411 ipsius

142 3446 274 3504 exstant
285 3426 432 3528 epistole
450 3430 726 3503 :lunoumnuu
745 3427 827 3514 Vll,
844 3443 983 3499 eosne.
1002 3444 1090 3500 uix.
1108 3425 1213 3498 cardi-

142 3545 231 3621 nales
257 3544 362 3632 duos,
380 3547 543 3620 loannem
566 3561 600 3620 et
618 3547 810 3620 Cosmatum
834 3541 1049 3632 Melioratos,
1067 3542 1214 3642 ejusdem

144 3659 315 3764 pontilicis
330 3659 441 3734 fratris
456 3658 544 3734 {ilios
563 3689 571 3737 ε
589 3659 645 3734 ille
662 3658 836 3734 cardinalis
854 3656 895 3732 de
914 3659 1069 3731 Ravenna
1086 3686 1216 3732 nuncu·

141 3796 240 3878 patus
251 3792 316 3863 est,
330 3793 364 3849 et
374 3776 624 3878 disciplinarum
634 3775 783 3867 omnium
797 3770 1117 3868 intelligentissimus
1131 3773 1214 3848 suit:

143 3892 197 3966 bie
214 3888 392 3966 cardinalis
410 3891 449 3965 de
467 3890 618 3980 Ursinis,
636 3907 735 3992 atque
754 3889 888 3985 ingenio
900 3888 1214 3991 perspicacissimus.

146 4006 354 4081 Ludovicom
381 4004 595 4081 Melioratum
621 4006 724 4080 Firmi
753 4004 935 4107 principem
952 4061 961 4092 ,
980 4006 1039 4106 qui
1058 4006 1218 4079 exercitus

149 4123 241 4198 ducis
265 4123 450 4199 Mediolani
474 4122 648 4226 prefectus
667 4140 701 4197 et
723 4122 902 4224 imperator
927 4121 1019 4197 fuit:
1042 4123 1221 4223 episcopos

147 4237 352 4328 nonnullos3
377 4258 412 4315 et
425 4241 577 4315 Marsum
594 4237 742 4313 Probum
756 4239 809 4312 sni
823 4238 983 4339 temporis
994 4255 1128 4339 poetam
1140 4237 1220 4321 satis
