3159 5134
582 570 701 639 IBIS.

160 713 274 786 Morte
291 708 385 797 luas,
400 737 461 783 uec
479 727 511 783 te
527 738 596 784 non
614 711 776 784 meruisse
789 711 890 811 juvet.

115 829 285 905 AEthalion
304 830 370 904 vita
387 827 541 930 spoliavit
556 846 596 902 ut
611 828 710 902 leidis
727 827 875 931 hospes,

161 950 273 1046 Quem
292 975 419 1021 memor
435 976 453 1020 a
472 946 573 1019 sacris
587 972 678 1018 nune
695 974 830 1045 quoque
846 945 941 1047 pellit
956 951 1042 1038 lon;

115 1067 226 1164 thue
243 1062 436 1137 Melanthea
455 1061 601 1136 tenebris
616 1089 635 1133 a
653 1060 739 1135 rede
756 1059 912 1137 latentem
954 1112 956 1115 -

161 1177 314 1251 Prodidit
332 1175 443 1250 officio
460 1175 595 1250 luminis
613 1175 695 1248 orba
715 1203 853 1276 parens;

116 1291 169 1364 Sic
186 1309 243 1364 tua
259 1291 418 1389 conjectis
436 1288 607 1363 fodiantur
620 1307 755 1390 pectora
773 1289 868 1376 telis3

163 1406 238 1495 sie,
256 1434 392 1508 precor,
410 1404 540 1479 auxiliis
557 1405 736 1505 impediare
754 1406 828 1478 tuis.

118 1521 234 1620 Qualis
255 1547 360 1621 equos
376 1540 493 1621 pacto,
512 1549 598 1620 quos
616 1520 713 1594 sortis
730 1523 849 1616 agebat
865 1522 1031 1613 Achilles,

161 1642 245 1712 Acta
262 1639 388 1740 Phrygi
408 1638 524 1711 timido
537 1656 607 1721 cst;
624 1667 692 1711 nox
708 1639 768 1712 tibi
789 1638 864 1713 talis
882 1658 943 1716 eat.
1031 1628 1039 1641 .
1138 1668 1189 1721 630

116 1755 180 1828 Nec
197 1772 255 1841 tu,
274 1780 375 1853 quarn
393 1753 544 1840 Rhesus,
562 1781 680 1826 somno
694 1751 829 1827 meliore
848 1753 982 1843 fruaris,

162 1873 275 1969 Quam
293 1869 432 1944 comites
449 1870 553 1945 Rhesi
572 1887 641 1944 tum
659 1871 773 1960 neeis,
793 1890 868 1944 ante
886 1872 966 1946 viae:

118 1990 161 2060 Ut
175 2016 264 2089 quos
284 2015 359 2060 rum
377 1985 505 2060 Rutulo
522 1988 620 2060 morti
638 1987 825 2060 Rhamnete
842 1987 1004 2061 dederuut

162 2105 312 2207 impiger
329 2104 541 2204 Hyrtacides,
560 2102 815 2203 Hyrtacidaeque
831 2129 957 2190 comem

120 2217 451 2306 Cliniadaeremodo,
467 2216 688 2292 circumdatus
702 2217 838 2313 ignibus
855 2216 953 2305 atris,
1091 2259 1094 2263 ’
1138 2242 1189 2294 635

118 2385 185 2438 mine
197 2384 260 2439 ficto
273 2383 306 2438 ab
319 2382 432 2456 Ulysse,
448 2381 515 2450 quod
529 2398 623 2434 aurum
708 2381 766 2454 stop.
783 2384 874 2450 Qualis
885 2403 963 2450 equos
974 2392 1061 2450 pacto.
1077 2382 1166 2437 Dolon
1181 2428 1188 2454 ,

118 2461 436 2517 aPriarnoinGraecorum
446 2459 624 2529 proditionem
675 2458 804 2517 Eumedis
826 2459 911 2524 lilius,
933 2460 959 2513 iu
978 2471 1061 2513 castra
1074 2462 1188 2516 Graeco-

118 2539 266 2611 rtoepisset‚
276 2537 403 2608 lapidibus
412 2538 520 2591 obrutus
530 2547 575 2589 est
584 2537 624 2589 Μ.
674 2558 734 2591 rum
747 2558 761 2593 a
777 2540 901 2609 Troianis
913 2539 1061 2609 explorator
1072 2541 1185 2608 missus,

147 2618 201 2672 623.
213 2620 339 2672 Mulon
350 2620 567 2684 utve'taspolriwr'!
574 2618 626 2668 Isr'-
672 2617 747 2685 equis
756 2616 864 2670 Achillis
875 2638 924 2687 pro
937 2617 1058 2671 mercede
1072 2618 1120 2671 sibi
1130 2639 1188 2687 pro·

117 2700 168 2750 din
181 2700 281 2764 hospes.
300 2696 384 2749 locus
397 2694 500 2749 nemini
515 2693 624 2747 intelle·
672 2694 768 2761 missis,
784 2714 799 2748 a
812 2694 943 2748 Diomede
958 2706 987 2747 et
1000 2696 1094 2768 Ulysse
1107 2697 1188 2751 iuter-

117 2785 176 2829 ctua
189 2775 288 2841 Forte,
302 2776 434 2828 AEthalr'on
446 2777 628 2837 ortaspomoir
673 2785 781 2843 ceptus,
794 2785 820 2827 et
833 2785 926 2827 contra
939 2774 1021 2829 fidem
1033 2776 1121 2829 datam
1138 2779 1186 2831 in-

117 2856 229 2907 utIsr'dr's
239 2857 339 2920 hospes.
355 2853 387 2906 ln
399 2850 501 2922 vulgata
515 2851 625 2904 lectione
675 2851 800 2906 terlectus
812 2863 867 2917 est,
888 2864 1026 2921 postquam
1038 2855 1105 2923 ipsos
1123 2855 1189 2908 edo-

118 2931 221 2984 numeri
231 2950 287 2984 nou
298 2939 429 2983 constant.
442 2929 543 2981 iturus.
674 2930 786 2996 ruisset,
800 2931 864 2999 quid
878 2952 967 2985 rerum
983 2933 1094 3002 'l'rojani
1110 2935 1188 2988 moli·

144 3010 202 3076 bad.
215 3013 252 3062 Io.
265 3008 359 3062 Scribe
372 3011 427 3062 Ion.
440 3009 541 3061 Hssttts.
675 3009 826 3079 reacuntis
836 3010 958 3063 Homero
971 3010 1045 3065 lliad.
1057 3022 1094 3074 X?
1108 3012 1188 3084 Dicty

130 3088 272 3156 datorque
278 3086 432 3138 Heladthea.
440 3085 619 3153 Melantheus,
677 3085 815 3148 Cretensi,
830 3087 872 3140 lib.
884 3089 919 3142 il.
929 3088 1081 3154 Cujusiacti
1093 3091 1189 3143 memi-

118 3166 255 3221 homicidio
263 3165 408 3232 obnoxius,
421 3183 503 3233 quom
515 3164 624 3231 lateret,
676 3165 715 3217 nit
726 3164 856 3231 Ovidius,
870 3166 950 3221 Trist.
960 3167 1004 3219 lib.
1015 3167 1073 3233 lll,
1090 3168 1129 3221 El.
1146 3184 1186 3234 tv,

118 3264 132 3297 a
148 3257 230 3298 matre
245 3245 288 3298 rei
305 3244 386 3297 inscia
399 3243 575 3312 querentibus
586 3253 626 3297 est
675 3257 702 3299 et
714 3246 771 3299 Art.
786 3247 846 3299 Am,
861 3246 904 3300 lib.
921 3247 965 3309 tt;
984 3246 1047 3299 item
1064 3247 1131 3302 Met.
1144 3248 1187 3301 lib.

119 3322 315 3386 manifestatus,
328 3331 410 3389 utque
423 3320 515 3374 melius
527 3340 628 3388 cogno·
676 3324 762 3387 Xlll;
780 3342 833 3393 quo
846 3323 902 3377 loco
914 3323 1049 3377 Dolonem
1062 3329 1186 3379 imbellem

118 3411 230 3468 munt,
245 3402 337 3454 lumen
352 3399 462 3463 adtulit;
477 3399 523 3469 qui
537 3409 628 3469 captus
676 3411 768 3467 rorat,
783 3413 813 3455 nt
829 3401 871 3454 hie
881 3405 1012 3467 timidum,
1025 3421 1056 3455 er
1074 3403 1189 3457 Homeri

119 3479 198 3548 cupite
211 3478 338 3533 multatus
349 3488 395 3532 est.
409 3479 449 3531 lta
461 3487 535 3531 vetus
544 3477 627 3529 inter-
677 3481 806 3534 nimirum
815 3481 935 3534 verbis
949 3470 969 3537 ὁ
983 3481 1006 3535 α’
1014 3485 1042 3559 dp
1055 3485 1189 3558 ἕσημᾴρ-

120 3578 190 3628 pres,
203 3557 278 3628 quod
292 3556 358 3611 mihi
373 3555 494 3626 nuspiam
506 3554 611 3609 iccium·
678 3562 776 3622 &eoiret
788 3565 931 3626 repento-r
943 3558 1024 3633 {pardae
1033 3567 1056 3613 di
1068 3565 1107 3616 ati
1117 3566 1190 3628 στὲμα

149 3638 207 3705 6η.
221 3639 266 3690 Sic
281 3647 327 3689 tna
343 3637 474 3703 conjectr's·
490 3632 534 3687 Ad
550 3633 628 3700 huius
677 3637 747 3707 ytrn'
759 3639 869 3701 ἰδόντων,
884 3642 976 3708 Χλωρὶς
990 3643 1045 3693 ὑπαὶ
1058 3645 1136 3699 deine.

120 3718 166 3773 loci
180 3714 429 3787 interpretationem
449 3724 501 3768 tres
517 3712 630 3766 inferio·
699 3715 756 3771 53³.
767 3718 1089 3782 Quamquoscumllutulo.
1100 3718 1188 3787 Nisus,

120 3816 159 3849 ree
178 3814 270 3849 versus
291 3795 425 3864 pertinent
446 3813 453 3846 ε
476 3802 503 3846 ct
525 3790 629 3845 Dolona
679 3792 790 3866 llyrtaci
807 3791 893 3857 filius,
913 3803 941 3844 et
955 3812 1043 3846 comes
1060 3794 1189 3869 Euryalus

121 3874 265 3947 Phrygium
277 3883 355 3926 taxat
370 3872 421 3925 Hic
431 3871 464 3924 ad
473 3869 629 3924 Grecorum
677 3870 707 3924 in
727 3869 888 3924 Rutulorum
906 3880 989 3924 castra
1006 3891 1123 3939 venere,
1145 3876 1191 3930 ubi

120 3964 200 4007 rastra
211 3949 372 4022 exploranda
384 3950 478 4003 missus
490 3959 529 4003 est
540 3968 553 4002 a
563 3950 631 4002 Tro-
680 3947 859 4002 Rhamnetem
867 3987 875 4015 ,
883 3948 1031 4018 multosque
1039 3950 1102 4005 elios
1109 3952 1191 4007 morti

120 4030 201 4098 janis,
216 4030 312 4100 quibua
326 4027 435 4081 Achillis
450 4046 532 4097 equos
546 4026 630 4080 abdu-
680 4027 785 4082 dedere.
795 4027 917 4081 Tandem
930 4040 957 4081 et
968 4028 1015 4097 ipsi
1028 4032 1126 4100 agniti,
1143 4054 1189 4087 oc·

119 4127 177 4162 cere
196 4119 285 4177 partus
302 4117 342 4160 est
360 4126 366 4160 :
386 4108 431 4160 sed
448 4107 480 4160 ab
493 4106 586 4178 Ulysse
603 4116 631 4158 et
679 4105 724 4159 cisi
739 4114 818 4171 sunt,
834 4115 862 4157 nt
876 4105 903 4158 iu
920 4104 958 4158 tx
974 4105 1082 4160 AEoeid.
1097 4110 1191 4178 Virgil.

120 4187 251 4242 Diomde
265 4199 434 4258 pernoctem
451 4198 541 4257 captur
555 4186 630 4241 occi·
681 4193 720 4236 est
730 4193 829 4237 auctor.
842 4184 912 4235 Zau,

120 4264 211 4327 ditur;
241 4267 313 4335 prins
337 4276 428 4318 tamen
448 4266 631 4333 Troianorum
713 4260 956 4328 litterarumque
972 4264 1045 4312 modo
1063 4272 1112 4315 etc.
1132 4260 1194 4315 Cli-

122 4342 359 4399 derectinomitin.
376 4343 454 4397 θοι,
682 4335 773 4390 triades
780 4335 929 4391 Alcibiades
937 4336 1193 4408 intelligitur,cujus

212 4435 327 4507 VIII.
1012 4429 1032 4513 d
