3159 5134
464 519 561 587 rua
584 521 618 587 J.
644 518 874 588 naasson.
1148 526 1208 616 175

135 663 282 742 ovidius
299 661 433 764 quidem
450 659 597 736 celebrat
616 662 745 737 Fastor.
766 661 825 737 lib.
846 665 877 752 l,
896 663 939 738 ad
954 661 1018 739 kal.
1032 665 1127 740 Febr.
1143 668 1210 741 sive

133 780 287 856 ,ianuarii
306 797 430 868 xxvfl,
450 807 533 854 vers
557 776 627 879 705
643 805 729 879 sqq:

304 939 341 992 m
351 955 412 1008 qu·
424 949 548 992 venturas
558 936 688 1006 procedet
697 946 772 990 sexto
780 940 920 1000 kalendas,

337 1029 396 1083 flac
407 1039 469 1083 suut
481 1031 580 1082 Iaedaer's
588 1033 682 1097 templo
691 1031 778 1082 dataro
788 1027 861 1082 Deis.

304 1119 436 1174 Fratribus
444 1119 487 1173 illa
500 1121 564 1174 Deis
575 1120 671 1174 iratres
683 1119 715 1174 de
731 1128 809 1190 geute
821 1119 943 1173 Deorum

340 1207 418 1265 Circa
430 1210 554 1266 Jntnrnae
565 1228 736 1280 composuere
746 1208 824 1265 lacus.

138 1346 227 1420 llinc
246 1363 355 1421 tamen
370 1345 455 1420 male
467 1348 653 1447 Bucherius
674 1356 683 1387 ¹
701 1345 852 1444 colligit,
870 1348 935 1423 boc
952 1348 1048 1450 plane
1067 1369 1213 1453 tempore

137 1461 258 1535 Foslos
268 1463 312 1536 ab
331 1463 455 1538 ovidio
469 1464 578 1538 editos
595 1464 717 1553 suissc3
735 1494 840 1566 quum
855 1492 892 1539 ea
907 1483 1035 1541 tantum
1052 1469 1212 1568 probent,

138 1576 242 1650 hosce
266 1575 375 1652 libros
399 1578 488 1653 haud
512 1597 589 1656 ante
614 1579 704 1655 hunc
720 1608 844 1655 annum
860 1579 1034 1677 vulgatum
1053 1581 1216 1686 pluraque

139 1692 210 1764 sint
222 1691 259 1764 in
269 1691 389 1767 iisdem
402 1693 611 1794 sequentium
627 1711 813 1795 temporum
829 1695 970 1786 olitoria,
983 1697 1108 1797 quibus
1119 1700 1216 1773 etiam

141 1808 301 1910 deinceps
317 1809 638 1901 demonstrabimus,
656 1840 713 1888 eos
730 1811 860 1913 aliquot
874 1832 952 1914 post
969 1815 1113 1889 Nasonis
1129 1816 1217 1891 exsi-

140 1923 223 2001 lium
242 1926 358 2015 annis,
377 1928 479 2003 immo
502 1947 581 2030 post
596 1929 742 2027 Augusti
770 1930 900 2004 obitum
916 1930 954 2003 iu
970 1928 1138 2030 publicam
1160 1961 1217 2005 ve-

142 2043 232 2117 nisse
256 2041 373 2118 locem.
397 2047 446 2124 Ea
469 2064 577 2122 tamen
605 2035 749 2122 carmina
770 2063 955 2147 potuerunt
980 2046 1045 2120 hoc
1068 2065 1218 2149 tempore

143 2160 336 2248 conscribi,
364 2160 527 2262 siquidem
545 2162 686 2236 Ovidius
712 2190 793 2237 suos
812 2163 988 2237 Fastorum
1015 2162 1121 2238 libros
1147 2166 1216 2238 Au·

143 2296 245 2374 gusto
273 2276 433 2351 dicandus
459 2306 554 2352 orsus
579 2297 629 2353 est
656 2296 731 2354 aute
755 2276 1008 2373 relegationem,
1029 2309 1218 2382 quanquam

144 2391 284 2467 nonnisi
297 2409 377 2492 post
389 2391 519 2467 eosdem
533 2392 693 2483 absolvit,
712 2409 750 2466 ut
763 2393 866 2468 Trist.
880 2390 939 2466 lib.
954 2395 1011 2481 ll,
1031 2423 1050 2469 u
1066 2423 1112 2469 vs.
1130 2395 1216 2495 549,

144 2511 339 2606 Augustum
355 2506 557 2610 adloquens,
574 2509 693 2584 doust:

312 2669 363 2721 Sex
374 2686 423 2738 ego
434 2669 567 2721 Fastorum
576 2668 664 2736 scripsi
675 2707 683 2735 ,
694 2668 856 2736 totidemque
867 2672 967 2722 libellos
977 2711 984 2730 ,

350 2757 474 2828 Cumque
485 2776 534 2812 suo
544 2758 627 2813 linem
640 2777 730 2814 mense
742 2760 868 2814 volumen
878 2758 974 2815 habet:

313 2849 396 2919 ldque
410 2860 453 2903 luo
465 2869 550 2919 nuper
561 2848 739 2926 scnblomxsub
748 2854 862 2911 oomrbe,
882 2851 980 2913 Cesar,

348 2941 384 2995 Et
394 2946 575 2995 n'bisacrarum
586 2960 642 2994 sors
655 2960 715 2994 mea
724 2945 795 3009 rupit
805 2960 877 3010 opus.

197 3079 242 3150 ll.
264 3078 427 3151 Caeterum
442 3095 479 3151 ut
492 3077 586 3177 prior
603 3073 698 3150 locus
714 3074 916 3162 elucidetur,
932 3103 1000 3148 nou
1015 3075 1079 3149 erit
1092 3075 1155 3149 abs
1171 3104 1222 3164 re,

149 3189 313 3265 nonnulla
330 3191 383 3264 bic
396 3192 436 3265 de
448 3191 608 3292 praedicto
627 3181 764 3264 Coslou's
782 3198 795 3228 ²
813 3187 938 3290 templo
954 3189 1165 3288 subjungere.
1179 3193 1225 3265 Et

150 3311 297 3411 primum
309 3311 442 3411 quidem
453 3312 544 3383 Naso
555 3308 735 3404 significat,
751 3307 907 3381 Tiberium
921 3325 954 3382 et
965 3307 1124 3396 Drusura,
1139 3337 1225 3409 quos

137 3429 263 3527 smlres
277 3427 416 3528 degente
429 3426 571 3500 Deonsm
588 3443 703 3513 vocat,
722 3421 824 3496 simul
839 3423 875 3496 id
898 3422 1059 3523 templum
1077 3423 1143 3496 sibi
1159 3451 1228 3497 res·

186 3626 195 3655 ¹
213 3621 287 3691 Belg.
299 3620 414 3674 Roman.
427 3618 471 3673 lib.
486 3618 531 3688 tl,
549 3638 604 3688 cap.
615 3634 654 3686 11,
673 3638 730 3689 pag.
741 3639 781 3692 9¹·

185 3716 199 3746 ²
215 3712 260 3767 Sic
272 3713 345 3767 enim
356 3711 437 3782 vulgo
448 3710 605 3779 vocabatur,
624 3728 774 3781 quanquam
787 3721 814 3764 et
828 3713 932 3765 Polluci
949 3708 1081 3776 dicatum,
1095 3721 1127 3765 ut
1142 3710 1228 3781 prodit

152 3798 300 3853 Suetonius
315 3798 343 3851 in
356 3796 410 3850 Jul.
431 3795 497 3851 Cres.
513 3816 567 3866 cap.
586 3814 632 3860 ιο,
652 3796 684 3849 de
695 3796 735 3850 M.
748 3793 844 3848 Bibulo
861 3792 924 3847 Julii
942 3791 1052 3846 Caesaris
1067 3793 1094 3846 in
1108 3793 1228 3848 aedilitate

152 3881 253 3954 collega
264 3883 398 3948 scribens,
419 3880 489 3951 quod
507 3899 562 3934 nou
580 3884 770 3940 dr'ssrinulatel,
791 3884 903 3933 everr'sse
915 3883 969 3931 siti
981 3881 1050 3947 qood
1064 3877 1172 3932 Polluci.
1196 3877 1233 3930 Ul

151 3970 223 4020 enlm
236 3971 345 4033 {euobis
352 3966 483 4033 ftalrr'lss
493 3968 559 4018 edes
567 3970 595 4017 lo
605 3965 670 4016 Foro
681 3968 831 4024 constituta,
844 3973 940 4016 tantum
955 3964 1069 4015 Coslon's
1085 3970 1230 4014 vocaretur:

152 4055 276 4103 ilesunc
286 4050 442 4117 &sars'sque
450 4051 645 4117 insufficentiam
653 4087 660 4105 ,
669 4051 744 4098 onim
755 4048 863 4099 Cesan's
870 4051 930 4099 ὀπί.
942 4045 1008 4099 lude
1020 4044 1134 4108 Statius,
1146 4042 1188 4094 lib.
1200 4042 1230 4107 l,

154 4133 229 4207 Sylr.
239 4150 266 4200 1,
280 4153 347 4187 vers.
359 4135 405 4186 55:
418 4154 431 4178 α
444 4131 479 4185 Et
491 4142 568 4201 paret
580 4130 723 4198 adspiciens
735 4126 845 4180 laedaeus
859 4126 890 4179 ab
904 4126 959 4180 cede
975 4126 1120 4195 propinqua
1137 4122 1231 4196 Cylla-

153 4237 219 4284 rus,
238 4228 287 4272 etr„
300 4241 314 4264 n
327 4229 354 4271 st
368 4215 537 4272 Martiallib.
555 4218 585 4280 l,
603 4214 691 4284 Epigr.
712 4231 739 4280 7¹
763 4231 770 4264 t
790 4232 804 4258 α
883 4209 1011 4264 Vicinum
1030 4210 1138 4264 Castora
1158 4223 1229 4290 canu¹

154 4302 294 4355 Transibis
305 4303 402 4355 Vestae.
414 4322 426 4346 s
