3159 5134
453 537 505 604 IN
528 537 710 605 OVIDII
734 539 857 605 lBlN.
1147 544 1189 607 55

116 675 526 776 Tumebum,.loscpbnm
544 676 756 771 scaligerum,
768 676 930 752 Didacnm
948 677 1192 770 Covarcnviam,

117 789 349 879 abstemium,
368 793 600 887 flartnngurn,
625 791 798 893 lipsium,
816 792 993 867 Sebottum
1012 793 1193 894 (Jupiter,

120 937 204 1010 qnos
221 908 355 1005 viros)!
376 909 435 1009 qui
458 907 508 983 vel
526 909 561 983 in
579 908 773 983 adversariis
788 927 822 982 ct
838 907 1059 985 Miscellaneis
1083 910 1195 987 dedita

121 1052 240 1125 opera,
259 1024 312 1098 vel
327 1024 363 1098 in
377 1023 449 1099 aliis
462 1024 635 1127 opusculis
648 1025 758 1099 obiter
771 1024 933 1127 quosdam
945 1025 1090 1101 Nasonis
1102 1024 1197 1103 locos

123 1154 357 1225 excusserunt,
375 1156 414 1212 ut
432 1139 559 1215 recede
577 1138 642 1212 boe
659 1138 828 1240 poematio
841 1139 906 1213 dici
918 1139 1043 1240 possit,
1063 1138 1127 1214 Cui
1135 1170 1196 1225 nou

122 1251 218 1326 dictus
232 1253 339 1358 Hylam
348 1259 370 1325 ,Ρ
381 1254 578 1356 Suppudeat
593 1272 723 1342 autem,
738 1282 786 1327 mc
799 1281 914 1356 qnoque
923 1254 1114 1354 principibus
1123 1283 1196 1357 per·

124 1371 240 1446 mitum
255 1399 417 1473 &noscere
427 1372 575 1457 Achivis,
596 1373 650 1446 cui
667 1372 695 1447 si
711 1390 849 1474 paterna
865 1401 918 1448 res
936 1371 1197 1449 administranda

124 1489 221 1577 foret,
239 1491 346 1565 aetatis
362 1491 456 1565 venia
473 1520 540 1565 non
564 1490 706 1567 daretur.
734 1493 780 1566 Et
802 1520 879 1564 vero
903 1509 983 1591 post
1009 1509 1061 1565 tot
1086 1490 1197 1565 erudi·

126 1606 225 1681 tionis
248 1623 402 1707 spectate
425 1607 516 1682 viros
542 1608 577 1681 in
601 1606 746 1682 eamdem
771 1609 956 1708 palestram
979 1606 1196 1698 descendere,

124 1721 185 1796 boc
198 1751 313 1798 revera
329 1740 380 1797 est
394 1740 473 1825 post
490 1724 651 1799 Roscium
667 1726 701 1797 in
718 1752 815 1798 scena
830 1723 913 1798 velle
932 1742 1060 1820 gestum
1079 1751 1194 1820 agere,

126 1840 199 1929 sed,
217 1840 296 1942 quia
310 1840 396 1940 jacta
409 1858 459 1915 est
473 1840 565 1929 alea,
581 1840 789 1918 efficiendum
804 1858 871 1928 cst,
889 1870 930 1915 ne
947 1841 1030 1914 mibi
1041 1841 1115 1940 jure
1132 1869 1195 1914 no·

127 1985 199 2031 rum
208 1985 297 2058 opus
307 1957 500 2044 nuncietur,
519 1974 578 2030 aut
591 1957 770 2031 interdicto
787 1958 881 2059 quod
890 1958 941 2044 vi,
955 1975 1013 2032 ant
1028 1956 1111 2032 clam
1123 1987 1196 2034 mc·

128 2099 198 2146 eum
210 2072 266 2168 agi
279 2073 397 2173 possit.
412 2072 585 2147 Neminem
598 2071 695 2146 laude
705 2072 936 2148 snafiaudabo
950 2100 958 2145 :
972 2071 1095 2147 nubilis
1108 2073 1197 2148 enim

128 2188 205 2263 mibi
221 2215 354 2288 semper
370 2188 440 2263 visa
456 2207 507 2263 est
522 2186 575 2260 lex
590 2185 647 2260 illa
663 2184 896 2273 Laurentium,
923 2202 971 2258 ΝΕ
989 2205 1124 2262 Pomm
1150 2206 1196 2263 nx
1220 2254 1223 2259 ,

129 2323 270 2378 tuno.
285 2305 402 2402 Itaque
416 2303 606 2404 pracipuns’
616 2302 670 2375 bic
683 2299 784 2376 nobis
797 2326 919 2402 scopus
930 2297 976 2374 ob
991 2299 1196 2394 occluserit,

128 2441 162 2497 ut
172 2451 247 2524 quae
256 2422 465 2509 obscuriora,
481 2449 542 2495 noc
554 2420 796 2520 dumcniquam
809 2419 969 2520 explicata
980 2437 1069 2507 sunt,
1085 2421 1199 2522 quoad

129 2541 194 2638 ejus
210 2538 283 2613 beri
300 2538 442 2640 poterit,
460 2536 661 2615 illustratum
679 2563 800 2610 eamus.
819 2538 1026 2609 Excusorum
1041 2535 1139 2610 etiam
1155 2533 1196 2609 li-

128 2654 263 2729 broeum
280 2650 426 2726 maculas
444 2652 763 2752 manuscriptorum
783 2676 866 2749 ope,
888 2665 944 2721 ant
962 2667 1050 2722 certe
1071 2651 1137 2749 ipsi
1154 2649 1195 2725 de

129 2773 263 2869 ingenio
279 2769 437 2845 eluamus.
460 2769 570 2845 Prima
593 2768 725 2869 quidem
747 2766 890 2840 editione
915 2766 1196 2843 Observationum

129 2906 314 2964 metrorum
329 2884 515 2960 difficiliora
530 2883 680 2985 quedam
693 2883 764 2957 loca
779 2882 946 2957 saltuatim
960 2882 1195 2978 selegeramus3

81 2982 85 2991 ¹
130 3005 286 3107 planiora,
299 3022 333 3078 et
343 3030 416 3104 que
426 3002 469 3077 ab
480 3001 555 3076 aliis
565 2998 744 3087 enucleata,
755 2998 888 3074 silentiu
899 2999 1197 3077 transmiseramus:

131 3124 243 3210 Nunc,
259 3120 396 3194 hortatu
412 3120 560 3193 virorum
576 3116 643 3192 acri
657 3116 804 3215 judicio,
823 3115 1011 3207 uberiorem
1029 3132 1063 3189 et
1078 3144 1198 3218 perpe-

133 3258 224 3315 tuum
248 3235 682 3323 commemorabamus,
704 3264 746 3308 ue
764 3233 829 3307 alio
846 3232 1019 3334 quaerenda
1037 3235 1082 3308 sit
1098 3234 1201 3310 sabu-

132 3357 234 3432 larum
249 3356 361 3431 minus
378 3354 551 3429 ebrinum
567 3352 742 3427 enarratio.
770 3354 971 3452 Quanquam
995 3381 1037 3427 ne
1054 3354 1101 3426 sic
1122 3354 1200 3454 qni-

133 3478 204 3552 dem
217 3504 281 3551 uos
297 3500 413 3549 omncs
428 3472 565 3572 bujusce
580 3467 685 3545 libelli
700 3468 844 3544 salebras
855 3466 1088 3569 explanaturos
1101 3468 1200 3572 polli-

133 3620 242 3669 remur
248 3648 261 3686 ,
278 3608 318 3664 ut
337 3590 444 3690 quivis
458 3587 613 3689 deinceps
623 3572 790 3660 inoffenso
805 3584 887 3685 pede
903 3613 1108 3686 quacumque
1120 3613 1200 3686 pro·
1324 3578 1327 3585 ’

134 3708 300 3806 grediatur
320 3736 328 3779 :
348 3705 382 3779 id
404 3706 491 3780 enim
508 3701 715 3806 pleniorem,
743 3728 841 3801 quarn
865 3717 941 3774 artas
959 3717 1072 3775 nostra
1094 3701 1202 3789 serat,

134 3826 351 3901 cruditionem
368 3819 524 3924 postulat.
552 3818 681 3894 Deinde
696 3815 801 3891 multa
819 3817 949 3891 suntin
967 3834 1028 3906 eo,
1054 3818 1205 3918 quae‘ur‘sr’

135 3938 251 4046 Sibylla
266 3938 389 4040 legerit,
408 3955 447 4010 ut
459 3936 506 4009 ait
516 3934 605 4036 apud
622 3933 779 4007 Plautum
792 3930 998 4020 Pseudolus,
1015 3932 1206 4033 interpretari

136 4053 225 4127 olium
236 4080 330 4155 posse
341 4079 410 4126 reor
419 4050 564 4124 uemrbem
577 4077 590 4133 ;
615 4045 800 4145 cujusmodi
817 4063 897 4119 sunt
911 4046 995 4121 ista:

331 4201 385 4253 Aut
396 4197 468 4253 velut
474 4195 583 4268 Euryali
598 4194 643 4265 qui
654 4204 787 4264 sceptrum
800 4193 870 4264 cepit
882 4172 986 4259 abillo,

367 4290 428 4345 siut
441 4299 512 4345 ntus
524 4286 604 4341 avidis
618 4286 745 4355 anguibus
759 4304 816 4340 esca
830 4282 876 4338 tui.
996 4278 1000 4287 ¹
