3159 5134
381 542 443 626 rad
700 542 739 606 P.
774 540 953 608 ovlnll
980 539 1111 607 VITA

378 697 527 758 senatum
544 677 682 754 allectus
698 677 853 753 affirmari
869 677 1002 779 nequit,
1022 703 1125 778 quum
1141 692 1175 749 et
1197 673 1309 776 plures
1327 701 1367 751 ex
1383 705 1446 777 pa-

379 797 630 875 triciisiuerint.

425 918 485 988 lV.
501 913 599 986 Haud
615 911 715 1005 longe
724 910 766 983 ab
773 911 839 984 boc
853 927 1000 1011 tempure
1012 908 1216 982 removendae
1229 926 1308 983 sunt
1316 907 1447 1009 priores

382 1028 640 1126 Ovidri'nuptiae‚
656 1026 696 1098 de
711 1025 836 1125 quibus
847 1024 919 1125 ipse
930 1023 1032 1096 Trist
1047 1020 1105 1094 lib.
1120 1020 1242 1109 lV‚El.
1258 1042 1302 1109 X,
1316 1049 1363 1095 vs.
1378 1019 1448 1122 69:

543 1176 621 1230 Pane
632 1171 696 1224 mibi
705 1190 783 1238 puro
795 1189 845 1224 nec
857 1169 951 1240 digna,
966 1188 1017 1223 nec
1028 1167 1098 1222 utilis
1110 1188 1175 1221 uxor
1266 1185 1269 1190 ⁴

576 1262 624 1316 Est
635 1261 695 1315 data
707 1280 714 1315 ι
727 1279 786 1329 que
798 1272 903 1330 tenipus
914 1260 1054 1330 perbreve
1066 1270 1149 1329 nupta
1159 1259 1216 1317 tuis

380 1380 477 1453 Paene
498 1377 608 1451 adhuc
624 1405 708 1477 puer
725 1393 810 1460 erat,
829 1376 894 1449 buc
908 1393 978 1463 est,
994 1377 1110 1477 paucis
1126 1393 1200 1450 ante
1225 1377 1319 1450 annis
1335 1380 1450 1477 pueri-

380 1498 459 1571 tiam
480 1523 646 1591 egressus,
664 1512 740 1588 toga
761 1491 848 1565 virili
872 1492 979 1567 suerat
999 1493 1159 1580 indutus;
1176 1494 1318 1570 necdum
1341 1511 1451 1569 tamen

376 1616 529 1716 juventam
543 1628 614 1683 erat
625 1609 784 1710 adeptus,
799 1625 952 1709 quaepast
962 1625 1009 1683 ter
1018 1608 1241 1711 septenosflcre
1251 1639 1452 1711 uuuusgeuus

386 1729 492 1813 nestel,
509 1744 547 1801 ut
558 1726 659 1800 babet
672 1724 868 1800 Macrobius
881 1735 904 1798 ¹.
918 1726 1017 1800 Unde
1029 1743 1080 1800 est
1093 1727 1184 1827 quod
1197 1727 1325 1802 Statius
1341 1727 1399 1802 lib.
1408 1730 1450 1815 V,

385 1844 472 1946 Sylv.
490 1842 670 1933 2‚burbam
683 1860 780 1916 vocat
793 1842 887 1939 signa
897 1842 1174 1946 subdeficimus,
1195 1872 1296 1946 quum
1310 1843 1352 1919 ad
1367 1841 1454 1918 Cris

383 1959 499 2062 pinum
520 1976 583 2035 xvt
602 1988 707 2034 anuos
719 1976 835 2035 uatum
848 1959 930 2058 (vid.
946 1988 1030 2035 vers.
1055 1962 1113 2056 12)
1128 1960 1198 2034 baec
1213 1961 1300 2034 canit
1317 1988 1362 2035 vs.
1381 1957 1450 2032 62:

582 2150 588 2164 .
602 2151 608 2161 .
620 2149 627 2162 .
646 2108 774 2165 Nondum
785 2112 879 2162 salue
892 2108 939 2161 tibi
951 2108 1025 2178 signa
1032 2108 1144 2176 juvente

550 2202 683 2270 irrepsere
693 2204 781 2267 gemb,
797 2210 825 2253 et
837 2197 922 2253 adbuc
933 2197 1012 2252 decor
1024 2199 1127 2270 integer
1138 2199 1194 2253 ovi.

434 2318 475 2387 V.
502 2314 617 2412 Quum
634 2315 676 2389 ad
693 2313 811 2389 alteras
827 2314 939 2389 statim
956 2315 1121 2389 transierit
1140 2315 1292 2416 nuptias,
1311 2341 1452 2416 quarum

388 2450 517 2531 tempus
534 2449 624 2505 certo
642 2430 777 2505 delinire
789 2459 859 2505 non
876 2430 990 2522 datur,
1008 2431 1249 2530 subjungamus
1265 2430 1362 2505 etiam
1380 2458 1454 2531 qun

390 2546 429 2619 dc
446 2544 499 2619 bis
514 2547 616 2621 habet
631 2547 771 2636 ibidem,
788 2574 869 2622 vers.
890 2574 932 2647 7¹
951 2574 959 2616 ε

554 2695 594 2751 11Ιὶ
606 2696 727 2752 sumenti
738 2735 746 2763 ‚
757 2695 876 2764 quamvis
887 2696 943 2749 sine
956 2697 1084 2763 crimine,
1099 2697 1209 2764 conium

582 2788 643 2842 Non
658 2787 786 2842 tamenin
800 2797 892 2841 nostro
906 2786 983 2842 firma
995 2787 1086 2840 lutura
1098 2797 1166 2839 torn.

390 2904 559 2979 Alterutra
576 2903 639 2978 suit
654 2903 807 2977 Phuliscis
823 2902 902 3003 (alii
917 2930 977 3003 per
997 2904 1024 2975 F
1044 2901 1215 3000 scribunt)
1232 2920 1323 2986 urta,
1341 2905 1454 2977 Amor.

392 3019 449 3094 lib.
468 3023 518 3093 ΙΙΙ
531 3019 652 3116 ,Eleg.
671 3040 737 3095 xm
755 3022 828 3095 init.

556 3168 650 3237 Quum
663 3168 727 3221 mibi
740 3168 874 3238 pomiferis
885 3170 983 3238 conjux
994 3170 1064 3223 [oret
1076 3180 1134 3222 orta
1147 3168 1287 3230 Pbalisciaz

589 3258 688 3311 Moenia
701 3257 858 3330 contigimus
870 3261 952 3324 vicia,
968 3258 1097 3326 Camille,
1111 3259 1174 3322 tibi;

395 3376 518 3480 quibus
537 3392 645 3478 patet,
663 3403 818 3464 uxorem,
841 3405 906 3476 qua
923 3375 1044 3449 comite
1070 3375 1104 3448 id
1129 3375 1274 3474 suscepit
1293 3372 1376 3460 iter,
1394 3372 1458 3469 jam

395 3492 461 3566 sibi
487 3490 653 3564 dimissam
677 3489 800 3576 fuisse,
826 3518 928 3589 quum
953 3489 987 3563 id
1010 3490 1072 3563 bac
1097 3488 1213 3583 Elegia
1236 3486 1457 3560 describeret:

398 3625 496 3709 atque
508 3606 590 3681 adeo
604 3607 644 3679 de
658 3606 751 3680 tertia
760 3607 920 3705 conjuge,
939 3634 1011 3707 que
1023 3605 1065 3679 ad
1075 3604 1255 3679 vitulinem
1269 3630 1374 3704 usqne
1384 3629 1461 3702 per-

397 3724 532 3811 mansit,
551 3721 691 3818 intelligi
706 3723 831 3823 nequit.
855 3721 1069 3797 Phuliscorruu
1086 3741 1197 3797 autern
1212 3719 1345 3794 nurnine
1360 3717 1463 3819 pleri-

399 3870 463 3943 que
476 3868 513 3914 ex
527 3841 671 3942 antiquis
683 3839 847 3943 pupulum
863 3839 1053 3936 intelligunt
1067 3849 1093 3927 ²,
1107 3842 1200 3939 cujus
1217 3836 1374 3941 oppidum
1390 3835 1463 3909 Fls-

399 3957 468 4029 leni'
481 3955 581 4029 suerit
598 3955 738 4040 dictum,
756 3972 790 4028 et
813 3982 832 4027 a
858 3953 999 4030 Camillo
1022 3971 1256 4056 expugnatum.
1282 3951 1336 4025 lbi
1361 3974 1466 4049 quum

400 4069 523 4143 Juuoui
534 4069 654 4143 festum
673 4086 705 4142 et
722 4067 820 4143 ludos
844 4066 1098 4156 celebraverint,
1117 4086 1156 4142 nt
1172 4070 1296 4141 Noster
1312 4078 1464 4146 enarrat,

435 4223 442 4251 ¹
461 4219 494 4271 lu
506 4218 600 4272 Sumn.
611 4217 679 4287 Scip.
692 4217 734 4271 lib,
746 4217 775 4284 l,
789 4236 844 4286 cap,
857 4217 881 4270 b.

433 4305 447 4334 ²
463 4301 534 4355 Vide
549 4299 655 4356 Cellarii
668 4299 765 4371 Geogr.
782 4300 872 4370 Antiq.
884 4300 928 4354 tib.
940 4300 984 4366 ll,
997 4317 1085 4369 capu
