3159 5134
447 572 502 638 ru
526 572 710 641 ov1n11
735 573 860 640 rum.
1147 578 1189 668 57

124 746 141 777 o
161 708 343 812 euphronis
356 739 486 784 carmen
497 710 637 809 legimus
654 742 757 814 saepe,
774 714 809 787 in
824 742 892 814 quo
909 731 1104 809 argumento
1118 717 1192 816 qui·

125 862 142 895 »
162 829 235 904 dem
251 829 375 903 ovidio
388 829 559 922 grandior,
575 830 632 904 scd
645 830 755 905 verbis
769 831 915 931 apertior
927 829 1027 904 nobis
1044 831 1189 919 ridetur3

126 976 143 1008 a
163 961 196 1016 et
209 943 300 1031 caeci,
320 942 378 1043 qui
395 941 489 1016 illum
501 945 780 1045 interpretantur,
797 944 833 1017 in
851 961 941 1018 tanta
954 945 1134 1044 praesertim
1150 944 1193 1019 li·

126 1090 144 1121 »
163 1056 302 1131 brorum
321 1058 418 1157 copia
436 1088 443 1129 :
462 1086 530 1131 non
548 1059 719 1132 tamenim
739 1087 801 1160 per
817 1059 1037 1158 conjecturam
1054 1057 1193 1147 sabula,

129 1206 146 1238 o
166 1190 204 1246 nt
216 1174 306 1274 apud
321 1170 414 1246 illum
430 1173 622 1269 indagandae
635 1174 785 1262 suerunt,
802 1204 901 1277 quam
916 1171 1105 1269 colligendae
1117 1204 1135 1248 a
1145 1174 1197 1247 di-

129 1323 146 1354 »
164 1291 267 1366 versis
284 1291 479 1366 auctoribus
496 1292 636 1392 scripta.
655 1326 671 1356 »
690 1292 917 1388 Quamobrem
933 1290 1058 1366 nemini
1073 1290 1194 1364 mirum

126 1406 225 1480 rideri
242 1406 359 1496 debet,
377 1407 406 1480 si
433 1424 484 1481 tot
508 1408 679 1482 Ouidianae
701 1408 822 1482 mentis
846 1408 1041 1509 interpretes
1068 1407 1104 1478 in
1119 1404 1194 1507 ple·

125 1525 233 1625 risque
244 1523 329 1599 locis
341 1524 443 1599 veluti
455 1526 490 1598 in
504 1526 591 1600 circo
605 1527 856 1601 Andabatarum
869 1554 960 1600 more
978 1520 1192 1599 decertamus.

123 1643 151 1715 A
167 1670 265 1715 versu
280 1643 437 1715 nimirum
451 1641 543 1730 255,
559 1642 647 1719 unde
664 1646 756 1717 Naso
773 1642 901 1718 fabulas
922 1662 954 1716 et
969 1644 1127 1719 historias
1141 1673 1195 1718 au·

124 1758 289 1858 spiratur,
308 1757 350 1832 ad
367 1787 497 1832 versum
515 1756 606 1852 645,
627 1760 684 1861 qui
707 1759 813 1834 libelli
836 1779 1030 1861 postremus·
1046 1778 1114 1846 est,
1136 1760 1195 1834 tri-

85 1946 89 1956 .
123 1876 211 1971 ginta
229 1905 332 1978 supra
349 1876 507 1952 ducentas
519 1895 751 1951 memorantur.
778 1877 950 1951 Interdum
966 1906 1033 1952 uuo
1051 1876 1193 1951 disticho
1222 1966 1226 1977 ἱ

123 2007 188 2066 tres
206 1993 434 2082 continentur,
454 1993 619 2068 interdum
639 2011 800 2094 quatuor,
819 1991 951 2067 utillo:

326 2174 366 2228 Ut
375 2174 427 2229 luit
439 2176 528 2229 OEtoeo
540 2174 690 2245 quondam,
706 2194 857 2246 generoque
871 2175 1032 2242 draconum,

355 2265 542 2336 Tisamenique
556 2266 637 2334 patri,
653 2264 850 2336 Callirhoesque
862 2267 934 2332 vir03

124 2412 168 2487 ita
183 2431 224 2487 nt
242 2414 445 2490 Ouidianum
467 2419 532 2492 hoc
548 2419 750 2519 poematium
768 2417 955 2494 fabulamm
973 2418 1103 2495 officina
1119 2448 1192 2493 vere

125 2527 186 2601 dici
201 2530 320 2628 possit.
340 2532 447 2606 Causa
459 2562 537 2607 vero
549 2563 568 2607 a
580 2533 679 2608 nobis
693 2562 754 2608 suo
769 2534 845 2609 loco
859 2535 1025 2623 afferetur,
1039 2564 1099 2609 eur
1111 2536 1194 2608 Ovi-

126 2643 198 2720 dius
213 2646 414 2721 obscuritati
430 2650 615 2737 studuerit;
630 2651 686 2726 sed
702 2669 735 2725 et
750 2669 826 2726 ante
842 2648 937 2725 illum
954 2652 1060 2725 Cinna
1074 2670 1189 2755 poeta,

124 2761 254 2858 Virgilii
271 2764 436 2864 praeconio
452 2763 654 2854 celebratus,
673 2766 863 2867 Smyrnam,
886 2795 1000 2869 poema
1023 2767 1191 2841 obscuris·

124 2876 261 2966 simum,
279 2878 478 2967 elaborarit,
498 2881 588 2983 quod
606 2910 709 2983 quum
725 2882 826 2977 vulgo
843 2912 913 2957 non
931 2884 1189 2979 intelligeretur,

126 2992 305 3067 Crassitius
321 2995 552 3091 grammaticus
570 2997 815 3072 Commentario
830 2996 1013 3086 luculento,
1031 3001 1064 3072 in
1081 2999 1190 3100 ipsum

125 3106 238 3196 edito,
258 3107 344 3182 adeo
367 3109 545 3197 inclaruit,
564 3129 603 3183 ut
616 3111 682 3184 hoc
699 3112 897 3212 epigramma
914 3112 953 3186 de
972 3141 1011 3186 eo
1030 3114 1189 3213 scriptum

127 3223 185 3311 sit,
204 3243 288 3300 teste
305 3227 482 3315 Suetonio,
500 3225 588 3300 libro
608 3225 647 3301 de
663 3226 851 3302 illustribus
869 3229 1123 3303 Grammaticis:

320 3408 378 3461 Uni
391 3406 518 3463 Crassitio
530 3428 557 3462 se
570 3408 678 3462 eredere
692 3408 808 3482 Smyrna
820 3410 954 3480 probavit:

354 3499 491 3567 Desinite,
506 3498 621 3567 indocti,
634 3500 757 3571 conjugio
769 3500 838 3554 hanc
848 3511 947 3570 petere.

322 3590 378 3645 Soli
391 3590 517 3646 Crassitio
527 3611 555 3645 se
567 3590 631 3645 dixit
641 3592 740 3645 nubere
752 3591 836 3657 velle,

354 3683 452 3738 lntima
464 3684 506 3738 oui
517 3683 566 3737 soli
578 3694 641 3736 nota
653 3702 700 3739 sua
711 3682 865 3736 exstiterint.

124 3832 297 3933 Smyrnam
311 3851 420 3908 autem
438 3833 596 3909 novennii
611 3863 696 3935 opus
712 3833 815 3909 fuisse
833 3833 985 3909 Catullus
1003 3854 1037 3909 et
1053 3836 1189 3932 Quinti-

123 3947 229 4025 lianus
241 3949 464 4050 prodidemnt
481 3982 488 4023 :
506 3978 573 4051 quo
589 3949 728 4025 sortasse
741 3952 888 4053 respexit
900 3952 1060 4026 Horatius
1073 3952 1106 4025 in
1119 3954 1191 4054 epi-

122 4063 208 4139 stola
220 4064 264 4138 ad
279 4063 432 4151 Pisones,
448 4093 550 4165 quum
564 4065 731 4167 praecipit,
747 4065 902 4141 duratura
916 4085 1067 4169 poemata
1081 4069 1116 4141 in
1129 4098 1190 4141 no-

121 4208 202 4253 num
218 4208 343 4254 anunm
360 4179 540 4281 premenda
558 4209 638 4256 esse.
656 4183 726 4258 Nee
744 4182 926 4275 omiserim,
945 4185 1192 4286 antiquissimos

122 4312 238 4395 poetas
263 4294 304 4369 de
322 4294 485 4369 industria
506 4293 740 4371 obscuritatem
767 4296 959 4390 affectasse,
980 4318 1020 4373 ut
1042 4297 1189 4400 AEsclryli
