3159 5134
368 505 412 589 ut
765 501 1044 572 excussus

441 694 445 705 ,
539 653 596 722 Qui
610 652 688 707 simul
700 653 811 722 impura·
823 653 914 707 matris
924 653 1057 722 prolapsus
1069 652 1101 705 ab
1111 651 1170 705 alvo
1181 663 1237 719 est,
1290 676 1292 679 ¹

567 743 728 816 Cinyphiam
740 743 811 798 loedo
824 764 931 813 corpore
943 744 1036 814 pressit
1047 742 1180 795 humum?

371 874 454 945 Item
472 896 555 943 vers.
577 865 676 958 513,
693 869 753 943 ubi
771 869 905 956 leaenas,
926 870 1049 970 quibus
1067 886 1170 943 scatet
1188 867 1316 954 Africa,
1338 867 1446 941 Ibidis

372 982 551 1086 populares
566 1001 671 1057 vocat.
701 987 826 1057 Verum
844 984 932 1057 enim
957 1013 1057 1073 xero,
1084 983 1111 1057 si
1131 982 1324 1081 conjecturae
1349 980 1444 1055 locus

374 1101 490 1189 detur,
509 1102 614 1176 dicam
628 1101 709 1203 quid
720 1132 783 1198 ego
799 1130 951 1189 sensero,
968 1120 1016 1187 et,
1036 1120 1074 1175 ut
1089 1101 1177 1201 apud
1192 1099 1348 1173 Plautum
1360 1101 1445 1173 Tra·

372 1213 492 1301 chalio,
501 1215 681 1316 promittam
694 1215 851 1317 capillum,
863 1215 1061 1316 incr'piumque
1067 1213 1223 1287 hariolari.
1233 1217 1348 1314 Neque
1357 1215 1447 1286 enim

373 1328 560 1430 cymbalum
589 1328 672 1403 illud
690 1330 806 1404 muudi
830 1331 1019 1431 Appionem
1043 1328 1291 1425 grammaticum
1315 1327 1448 1401 imitan-

378 1448 457 1522 dum
476 1447 558 1521 mibi
575 1448 757 1548 proposui,
778 1448 836 1548 qui
852 1465 933 1520 teste
951 1445 1079 1533 Plinio,
1097 1444 1152 1518 lib.
1174 1445 1290 1530 XXX,
1310 1471 1380 1544 cap.
1399 1470 1447 1531 2,

374 1566 540 1670 prodidit,
554 1594 590 1640 se
599 1593 752 1639 evocasse
765 1564 902 1638 umbras
915 1562 956 1637 ad
968 1561 1234 1663 percontandum
1245 1562 1446 1650 Homerum,

375 1713 441 1784 qua
456 1683 583 1785 patria,
603 1681 764 1782 quibusve
781 1679 977 1782 parentibus
988 1678 1118 1776 genitus
1136 1696 1239 1763 esset;
1255 1706 1324 1750 uon
1338 1695 1447 1750 tamen

374 1831 489 1876 ausum
506 1800 674 1902 profiteri,
700 1799 781 1900 quid
799 1799 865 1872 sibi
889 1796 1126 1897 respondisset.
1159 1797 1238 1868 Nou
1269 1796 1449 1892 Georgium

373 1916 585 1990 Joaclrimum
609 1913 808 2000 Rbeticum,
836 1912 1014 2014 Copernici
1039 1911 1260 2013 discipulum,
1286 1939 1382 2011 quem
1400 1911 1448 1985 fe-

375 2048 474 2118 runt,
494 2030 574 2104 dum
592 2028 627 2100 in
644 2045 738 2101 motu
759 2027 878 2100 Martis
892 2026 1029 2100 haereret
1046 2024 1401 2126 mirabundus,neque
1412 2053 1448 2099 se

376 2146 573 2249 explicaret,
588 2146 629 2218 ad
643 2144 739 2218 Genii
752 2143 922 2218 lamiliaris
937 2141 1106 2216 oraculum
1121 2142 1306 2237 confugisse
1321 2172 1328 2214 :
1343 2159 1447 2242 atque

332 2292 338 2305 ¹
376 2262 455 2335 hine
473 2278 699 2363 exasperatum
716 2263 878 2335 Haemona
902 2261 1117 2335 sciscitatoris
1138 2259 1320 2360 importuni
1347 2249 1448 2357 eaput

377 2379 419 2452 ad
437 2376 614 2449 imminens
632 2374 767 2475 laquear
782 2375 957 2465 alllixisse,
976 2377 1162 2478 iterumque
1180 2373 1307 2449 dimissi
1324 2401 1447 2475 corpus

378 2493 420 2568 ad
441 2493 664 2593 pavimentum
682 2490 915 2592 proturbasse,
934 2491 1047 2565 addito
1065 2521 1246 2594 responso;
1271 2480 1447 2565 bunc'esse

379 2625 508 2683 motum
518 2608 657 2693 Martis,
676 2623 715 2679 ut
730 2606 830 2680 refert
846 2609 992 2681 Joaunes
1005 2607 1186 2708 Xeplerus,
1204 2604 1343 2706 epistola
1356 2605 1448 2678 dedi·

379 2725 502 2801 catoria
517 2723 560 2798 ad
577 2721 795 2824 Rudolplrum
814 2723 1053 2824 imperatorem.
1072 2726 1160 2797 Tota
1182 2751 1235 2797 res
1252 2720 1449 2821 conjecturis

380 2858 568 2942 peragetur.
581 2842 698 2940 ltaque
707 2839 860 2940 suspicor
872 2839 911 2912 C.
925 2838 1053 2913 Julium
1067 2839 1238 2940 Hyginum
1254 2865 1338 2925 esse,
1350 2866 1449 2938 quem

380 2956 522 3031 Ovidius
534 2954 611 3028 licto
627 2954 760 3028 nornine
774 2955 850 3027 lbiu
865 2952 1017 3057 appellat.
1037 2954 1137 3027 Illum
1155 2954 1308 3056 inquam,
1326 2954 1446 3056 dequo

379 3073 578 3161 Suetonius,
604 3072 693 3146 libro
722 3071 762 3145 dc
786 3073 969 3147 Illustn'bus
1004 3073 1241 3158 Grammaticis,
1274 3073 1388 3147 retulit
1412 3075 1446 3145 in

379 3188 449 3262 haee
470 3188 569 3262 verba
590 3218 598 3260 :
627 3223 644 3253 «
664 3188 765 3263 Caius
780 3187 892 3262 Julius
916 3190 1085 3290 Hyginus,
1113 3190 1258 3284 Augusti
1282 3188 1446 3277 libertus,

383 3336 401 3368 ³>
420 3305 555 3377 natione
573 3302 760 3405 Hispanus,
781 3304 842 3378 etsi
858 3303 1011 3377 nonnulli
1029 3303 1289 3379 Alexandrinum
1307 3322 1446 3405 putant,

382 3453 400 3484 »
421 3438 454 3493 et
469 3448 489 3492 a
503 3421 631 3494 Caesare
643 3447 783 3520 puerum
798 3422 938 3494 Romam
948 3419 1119 3494 advectum
1130 3420 1327 3495 Alexandria
1341 3440 1447 3522 capta,

381 3569 399 3602 »
419 3536 566 3610 studiose
589 3554 623 3610 et
637 3535 729 3609 avide
747 3536 895 3610 imitatus
917 3553 967 3610 est
993 3536 1185 3610 Cornelium
1203 3536 1445 3625 Alexandrum,

380 3684 398 3717 »
417 3651 664 3748 grammaticum
679 3678 840 3746 gracum,
860 3678 956 3750 quem
967 3670 1105 3752 propter
1118 3652 1323 3753 antiquitatis
1336 3654 1448 3725 notio-

382 3799 400 3831 »
421 3793 497 3838 nem
516 3762 759 3865 Polyhistoreur
781 3763 895 3853 multi,
914 3766 1048 3866 quidum
1073 3767 1255 3841 Historiam
1275 3767 1446 3841 vocabant.

381 3917 400 3950 »
420 3882 557 3956 Praluit
570 3880 725 3956 Palatina
736 3881 964 3969 bibliothecae,
982 3911 1042 3957 nec
1053 3884 1160 3958 multo
1169 3883 1455 3985 seciuspluriuros·

382 4034 401 4065 s
420 3998 559 4083 docuit,
583 3998 714 4097 luitque
734 3998 855 4071 ovidio
875 4016 981 4099 poeta
998 3999 1289 4089 familiarissimus,
1314 4018 1349 4074 et
1365 4000 1449 4074 Caio

382 4148 400 4181 »
420 4113 550 4188 Licinio
568 4110 735 4223 consulari
753 4113 934 4204 historico,
962 4117 1019 4218 qui
1037 4147 1112 4192 eum
1125 4118 1304 4191 admodum
1321 4144 1450 4217 paupe-

383 4264 401 4297 »
420 4258 489 4303 rem
500 4228 677 4303 decessisse
688 4228 797 4319 tradit,
806 4247 840 4303 et
852 4228 1045 4307 liberalitate
1056 4261 1125 4323 sua,
1138 4231 1248 4331 quoad
1260 4232 1356 4322 vixit,
1371 4259 1448 4305 sus—
