3159 5134
358 513 419 599 134
693 518 731 580 u.
759 513 1093 585 ov1u11v1rs

352 687 438 733 anno
455 658 493 730 C.
512 673 618 730 ΜΠ
641 654 748 754 (male
764 654 853 756 apud
871 656 1007 752 Pagiurn
1025 661 1152 756 xxxl),
1172 687 1240 760 quo
1256 659 1356 734 Caius
1372 683 1423 741 xx

352 773 530 876 complevit
540 801 653 857 snum3
672 771 790 846 deinde
800 800 888 846 anno
898 774 940 878 C.
956 794 1092 863 mut,
1110 803 1178 876 quo
1188 775 1288 851 Caius
1301 776 1421 853 ultimo

352 889 476 965 mensis
489 885 634 983 Augusti
643 885 696 960 die
705 901 829 961 annum
837 889 942 964 atatis
953 890 1207 985 xxttiugressus
1221 910 1291 981 est,
1307 911 1422 990 togam

354 1006 480 1080 virilem
496 1005 670 1089 sumsisse,
686 1004 892 1106 barbamque
905 1006 1070 1106 posuisse.
1089 1007 1175 1104 Qua
1191 1007 1423 1112 interpretatio

354 1121 454 1197 nimis
468 1134 619 1193 contorta
631 1117 698 1191 illis
711 1146 781 1191 non
797 1117 981 1208 ridebitur,
997 1121 1056 1222 qui
1072 1121 1331 1213 observaverint,
1345 1124 1425 1199 Sue·

356 1237 485 1314 tonium
501 1237 624 1340 passim
640 1264 709 1311 nno
722 1254 835 1312 tenore
851 1266 983 1338 unaque
996 1238 1136 1340 periodo
1154 1238 1269 1341 plures
1285 1243 1424 1343 conjun-

355 1386 431 1456 gere
447 1383 522 1446 res,
542 1355 584 1430 ad
604 1383 744 1456 quarum
759 1354 900 1456 primam
919 1355 1021 1430 ruodo
1044 1373 1126 1432 nota
1141 1359 1301 1460 temporis
1316 1359 1426 1462 adpo·

355 1473 416 1548 sita
436 1471 639 1575 spectaverit.
850 1493 854 1496 ·
931 1483 935 1489 ’

405 1597 453 1670 Ut
468 1613 507 1669 ut
515 1596 587 1682 sit,
604 1594 685 1669 satis
699 1611 751 1669 est
765 1593 900 1669 novisse
915 1598 1083 1671 Nasonem
1097 1596 1227 1672 circiter
1241 1598 1327 1672 hanc
1348 1615 1425 1673 aeta-

357 1727 423 1783 tem
436 1727 470 1783 et
480 1708 620 1783 barbanu
632 1736 696 1809 pro
708 1735 800 1784 more
812 1707 1003 1784 solemniter
1016 1711 1224 1801 resecarisse,
1239 1713 1426 1814 etjuveniliu

352 1826 471 1928 populo
483 1826 604 1928 lebria,
622 1826 767 1916 horest,
782 1819 936 1901 recitasse
949 1819 1141 1903 eduliorum
1155 1828 1256 1934 hujus
1271 1830 1330 1904 avi
1343 1858 1424 1932 poe-

357 1963 465 2021 tarum
491 1944 613 2033 instar,
632 1971 776 2046 quorum
796 1943 1071 2021 consuetudinem
1086 1945 1212 2021 indicat
1228 1964 1262 2020 et
1279 1946 1426 2045 exagitat

359 2060 510 2136 Horam
526 2062 653 2135 Nostro
671 2087 815 2149 coaevus,
831 2058 891 2134 lib.
911 2062 947 2149 1,
964 2060 1032 2134 Sat.
1051 2078 1102 2150 tv,
1120 2088 1203 2135 vers
1225 2058 1348 2161 73-77.

521 2209 584 2262 Nou
596 2214 674 2261 mito
683 2206 824 2276 cuiquam,
839 2206 889 2261 nisi
903 2207 1006 2274 amicis,
1018 2206 1098 2277 idque
1109 2162 1213 2261 coactus
1226 2226 1232 2259 :

521 2300 585 2356 Non
596 2299 692 2365 ubivis,
706 2317 828 2353 cornuve
842 2298 1006 2369 quibuslibet.
1019 2301 1051 2355 ln
1064 2298 1154 2353 medio
1167 2299 1213 2369 qui

522 2389 624 2459 Scripta
637 2390 707 2443 Foro
718 2395 835 2452 recitent,
851 2402 913 2444 sunt
925 2391 1018 2445 multi:
1031 2390 1129 2462 quique
1141 2392 1273 2446 lavantesr

521 2480 608 2534 Suave
620 2480 692 2535 locus
703 2480 759 2534 voci
773 2492 880 2536 resonat
891 2482 1041 2538 conclusus:
1052 2482 1144 2538 inanes

523 2571 583 2624 Hoc
593 2572 675 2641 jurat.

409 2693 467 2765 lv.
486 2686 688 2763 Juvenilinm
703 2707 813 2765 antem
830 2691 944 2765 Ovidii
967 2692 1148 2767 carminum
1171 2719 1243 2792 quae
1260 2692 1428 2795 praecipua
1540 2729 1547 2742 ·

361 2808 461 2883 fuerit
475 2808 630 2895 materia,
656 2835 734 2881 mox
750 2806 889 2909 ipsemet
905 2809 1030 2910 aperit,
1048 2807 1160 2884 eadem
1183 2809 1318 2906 Elegia,
1341 2838 1426 2885 vers.

364 2924 410 3027 59
427 2943 461 2999 et
478 2922 550 2998 60:

524 3055 648 3110 Moverat
658 3028 794 3127 ingenium
807 3067 890 3112 totarn
902 3066 1003 3111 csnmta
1017 3056 1169 3127 perturbem

561 3145 676 3203 Nomine
689 3166 744 3203 non
757 3166 822 3203 vero
833 3147 901 3203 diets
915 3152 1025 3204 arium
1035 3147 1110 3204 nihi.

360 3266 413 3340 Ita
428 3282 461 3348 et
478 3266 593 3339 Amor.
612 3263 672 3339 lib.
687 3267 756 3355 Ill,
775 3265 869 3362 Eleg.
888 3285 960 3354 att,
975 3294 1058 3340 vers.
1081 3263 1148 3339 15:

528 3403 623 3472 Quum
634 3401 750 3469 Thebe,
763 3422 847 3472 quum
860 3403 943 3473 Troia
953 3403 1056 3471 forent,
1069 3422 1152 3473 quum
1166 3400 1275 3459 Cusus
1287 3412 1358 3470 aeta,

558 3494 698 3563 ingenium
711 3495 795 3547 movit
806 3494 859 3548 sola
874 3495 984 3547 Gontm
995 3513 1095 3549 nsum.

364 3641 402 3687 ex
417 3613 540 3714 quibus
552 3613 647 3688 facile
656 3612 859 3710 colligimus,
870 3611 1028 3688 Ovidium
1042 3611 1155 3715 plures
1170 3609 1281 3685 dehac
1293 3606 1431 3684 Conirno

364 3729 533 3832 scripsisse
549 3727 701 3824 Elegiae,
722 3757 821 3829 quarn
843 3728 944 3803 bodie
962 3746 1141 3830 supersunt
1156 3728 1192 3802 in
1208 3729 1369 3801 Amorum
1385 3722 1430 3797 ll-

364 3844 451 3931 bris‚
469 3844 529 3917 ubi
544 3871 656 3944 pancae
672 3843 713 3916 ad
732 3871 818 3931 eam,
835 3842 884 3918 vel
902 3845 971 3944 ejus
988 3844 1090 3941 gratia
1108 3842 1236 3946 scripta
1251 3841 1427 3916 habentur.

364 3961 496 4035 Caetera
507 3960 618 4033 forsan
632 3958 717 4034 inter
729 3956 786 4033 illa
800 3958 933 4034 suerunt
946 3960 1105 4049 carmina,
1122 3988 1197 4062 quae
1211 3958 1305 4036 addit
1315 3957 1428 4062 priore

365 4071 439 4147 loco
456 4102 490 4149 se
507 4071 658 4146 Vulcano
675 4070 864 4161 tradidisse,
877 4073 979 4148 Trist„
993 4076 1053 4164 1V;
1070 4095 1212 4164 x,vers:
1228 4072 1272 4147 61
1292 4090 1328 4148 et
1342 4070 1413 4145 62:

527 4201 614 4256 Multa
626 4200 734 4272 quidem
744 4202 848 4272 scripsi3
861 4202 907 4257 sed
919 4222 977 4273 qun
988 4203 1078 4259 vitiosa
1090 4203 1195 4276 putari,

561 4291 748 4348 Emendaturis
760 4292 863 4364 ignibus
874 4295 928 4365 ipse
941 4293 1010 4349 dedi.
