3159 5134
364 525 432 611 334
553 519 898 594 TESTIMONIA
921 519 988 587 ΕΤ
1011 517 1236 587 JUDICIA

363 667 523 753 traheret,
536 662 681 765 prodigii
691 660 895 750 instar‚ovis
904 676 939 735 et
949 657 1109 759 sulphure
1121 656 1328 733 lustrandum
1337 659 1429 732 exis-
1575 731 1576 756 χ

364 783 472 870 timet3
482 798 522 855 ut
532 797 565 854 et
576 778 746 880 Josephus
758 774 914 873 Scaliger
927 774 1038 851 Julius
1051 793 1179 863 autem,
1191 776 1228 850 iu
1238 775 1432 851 Rhetoricis

366 898 451 999 (qui
467 894 557 969 illius
573 892 652 970 libri
663 920 738 967 cum
756 889 828 965 aliis
839 919 904 966 non
915 892 1030 992 paucis
1043 890 1257 993 periemnt)‚
1272 909 1432 993 uuquam

366 1011 557 1090 absolutum
573 1026 607 1083 et
621 1007 803 1109 perlectum
818 1007 910 1083 omni
923 1035 964 1081 ex
978 1025 1075 1110 parte
1083 1006 1287 1111 exemplum,
1306 1006 1431 1110 scripta

367 1127 438 1227 ejus
463 1123 682 1228 proponebat
706 1127 822 1225 Neque
843 1139 965 1198 temere
983 1121 1044 1199 alia
1071 1124 1265 1199 auctoritate
1281 1122 1432 1224 mado-
1475 1183 1477 1192 ,
1559 1193 1566 1206 ,

369 1242 487 1328 rebat,
504 1238 596 1341 quod
613 1266 683 1316 non
697 1237 796 1313 semel
811 1267 851 1312 ex
867 1238 981 1313 divino
993 1237 1064 1337 ejus
1075 1237 1219 1313 rirililio
1235 1237 1348 1314 audire
1359 1265 1433 1312 me-

370 1357 472 1443 mini,
489 1354 615 1456 ubique
633 1352 858 1429 confirmabat.
876 1353 943 1429 Sed
957 1369 1075 1428 natura
1090 1353 1161 1452 ejus
1182 1353 1262 1443 viri,
1286 1352 1431 1440 candor,

370 1472 578 1568 ingenuitas,
603 1470 776 1556 velocitas,
803 1498 876 1571 quse
897 1470 931 1543 in
955 1469 1201 1544 narrationibus
1221 1467 1434 1570 potissimum

372 1589 495 1677 elucet,
514 1615 614 1689 supra
629 1605 745 1664 votum
761 1604 822 1662 est.
841 1586 1032 1662 Proximum
1047 1605 1101 1663 est
1115 1616 1210 1684 ergo,
1229 1604 1316 1661 recte
1335 1585 1377 1659 de
1390 1585 1434 1659 iis

370 1701 524 1802 judicare.
543 1735 561 1767 »
1399 1709 1402 1714 “

422 1820 623 1905 Baurrws,
636 1817 676 1890 ad
688 1816 819 1919 Papinii
831 1816 890 1891 tit.
903 1818 959 1905 11,
972 1814 1051 1891 Silv.
1067 1836 1119 1906 tv,
1135 1842 1199 1918 19:
1217 1849 1236 1882 «ι
1253 1817 1338 1891 Rem
1353 1812 1434 1889 niti-

373 1931 517 2008 dissimis
532 1931 662 2021 verbis,
681 1950 712 2007 et
728 1931 826 2034 plane
838 1930 988 2034 Calliope
999 1933 1174 2008 cantatrioe
1185 1930 1311 2028 dignis,
1322 1945 1434 2005 narrat

374 2049 532 2139 Ovidius,
551 2053 686 2126 Metam.
703 2049 761 2124 lib.
779 2054 820 2124 V.
842 2086 859 2117 s

421 2162 475 2238 Ad
485 2162 542 2238 lib.
553 2166 624 2251 ΙΙΙ,
642 2162 720 2238 Silv.
735 2183 779 2253 11,
795 2162 842 2236 38
857 2196 865 2239 :
882 2176 900 2231 α’
916 2164 1094 2262 Quomodo
1103 2162 1285 2239 Anthedon
1294 2164 1434 2237 formam

373 2279 554 2381 perdiderit
570 2279 668 2360 nimis
686 2277 850 2376 eleganter
864 2297 899 2354 et
914 2281 1044 2382 poetice
1059 2280 1218 2356 describit
1227 2276 1381 2355 Ovidius.
1398 2311 1416 2343 a

423 2397 480 2470 tld
491 2396 553 2482 lib.
566 2399 634 2484 tlt,
645 2394 724 2470 silv.
738 2416 790 2485 lv,
805 2399 852 2492 40
862 2414 896 2472 et
911 2399 954 2492 l!
972 2429 980 2471 :
997 2432 1015 2465 «
1028 2399 1173 2473 Narcissi
1185 2395 1331 2473 fabulam
1342 2422 1434 2497 pane
1469 2487 1473 2494 ι

376 2510 462 2587 ultra
492 2511 673 2587 humanum
702 2511 871 2610 ingenium
894 2513 1031 2589 comiter
1058 2531 1092 2590 et
1119 2530 1254 2590 venuste
1278 2510 1436 2586 describit

378 2627 529 2705 Ovidius.
549 2662 566 2694 »

423 2746 476 2820 td
494 2745 552 2819 lib.
573 2743 709 2819 ITheb.
732 2744 799 2819 150
817 2777 825 2819 ι
843 2777 861 2810 «
875 2745 984 2821 Nimia
997 2747 1207 2849 properantia
1223 2773 1309 2848 sepe
1323 2762 1437 2846 peccat

378 2861 538 2950 Ovidius,
560 2889 657 2962 quem
677 2878 784 2936 tamen
802 2863 999 2937 contestatio
1016 2864 1150 2965 propria
1166 2861 1437 2938 excusabiliorem

375 2982 469 3068 facit,
488 2979 535 3060 de
545 3007 643 3077 opere
659 2978 792 3054 abusto
808 2979 899 3054 velut
910 2981 1054 3055 auctoris
1069 2999 1175 3084 rapto.
1194 3014 1212 3046 »

425 3097 512 3173 lbid.
531 3124 615 3173 vers.
633 3091 763 3198 2195«
783 3098 926 3174 Ovidius
940 3098 1225 3196 ingeniosissimus
1241 3113 1436 3200 poetarum,

378 3232 485 3295 umen
499 3240 574 3287 raro
592 3211 809 3289 cautiuimus.
829 3246 847 3279 »

426 3330 480 3403 Ad
495 3327 556 3410 lib.
575 3330 628 3419 11,
650 3353 696 3430 9²
719 3356 728 3403 ε
755 3363 773 3395 «
793 3328 878 3405 Saue
893 3357 954 3426 ego
971 3329 1137 3406 Valerium
1155 3330 1307 3404 Flaccum
1329 3329 1437 3426 Argo

378 3442 508 3518 nautica
524 3441 722 3518 scribentem
747 3440 857 3540 legere
882 3444 987 3535 malo,
1014 3474 1111 3547 qnam
1131 3443 1182 3520 vel
1208 3442 1367 3519 Ovidium
1387 3441 1438 3518 vel

378 3557 572 3661 Papirium,
589 3586 732 3659 quorum
753 3557 811 3633 ille
838 3576 969 3636 nouem
992 3561 1160 3634 materiam
1174 3553 1307 3634 lasciria
1323 3558 1439 3660 utique

378 3670 555 3762 violasset,
580 3690 636 3747 aut
658 3672 906 3774 depudicasset‘,
931 3674 986 3748 bic
1009 3673 1287 3777 magniloquentia
1313 3674 1438 3748 conui-

379 3804 489 3862 vtsset.
504 3821 528 3852 ›··
1075 3831 1079 3838 ⁴

428 3904 516 3986 lbid.
542 3933 626 3981 vers.
651 3931 747 3980 212:
768 3897 797 3973 α’
811 3908 917 3982 Famae
932 3907 1051 3983 domus
1073 3908 1326 4010 descriptionem
1346 3908 1440 4005 inge-

381 4019 598 4100 niosissimam
614 4023 772 4117 (Metam.
789 4020 849 4097 lib.
867 4024 977 4123 titt),
997 4052 1059 4126 qua
1077 4025 1256 4100 acutiorem
1270 4043 1305 4099 et
1320 4052 1441 4100 renus-

382 4135 501 4211 tiorem
517 4134 609 4211 nulla
626 4164 690 4238 ope
703 4137 854 4214 tuom
869 4142 990 4216 mentis
1006 4143 1250 4239 excogitaveris.
1270 4173 1303 4208 »¹

429 4252 515 4328 lbid.
532 4280 615 4328 vers.
640 4279 705 4353 172
725 4284 733 4329 :
753 4289 771 4321 «
793 4256 882 4332 Mira
897 4257 1105 4334 suavitateet
1121 4258 1285 4337 celeritate
1297 4258 1443 4333 inimita-
