3159 5134
465 484 561 553 rna
585 485 618 550 J.
644 481 871 552 rmssou.
1140 513 1205 586 207

135 658 157 695 a
176 625 378 730 Apollinis,
392 624 597 700 Zerintbium
623 650 722 727 quem
747 642 868 699 vocant
891 624 1030 715 incole,
1047 627 1208 731 templum

136 776 155 809 a
177 759 347 845 superent.
366 740 451 817 Aliae
465 740 625 839 angustie
642 742 729 816 circa
747 744 913 843 Tempyra
930 743 1102 845 excipiunt
1119 746 1206 844 (lroc

140 895 158 928 n
176 860 253 935 loco
271 863 502 954 ramaneat),
520 888 589 934 non
606 861 940 956 minusconfragosae.
957 894 975 927 a
993 860 1082 935 llinc
1098 881 1208 939 autem

137 979 260 1052 Noster
276 976 385 1053 exsilii
402 975 512 1051 locum
526 977 640 1052 itinere
653 976 801 1079 pedestri
816 995 937 1079 petens
951 978 1067 1053 debuit
1073 980 1207 1080 gelidum

139 1092 301 1180 Thracen,
323 1109 354 1167 et
371 1109 507 1194 opertam
534 1094 663 1168 nabibus
682 1095 819 1168 Hamas
843 1096 999 1182 transire,
1018 1123 1056 1170 er
1074 1097 1207 1183 Ponto,

100 1244 103 1249 ’
137 1208 193 1284 lib.
212 1213 273 1297 lv,
291 1211 398 1314 Epist.
418 1231 460 1298 v,
479 1240 562 1285 vers.
583 1210 615 1284 5.

184 1325 247 1401 Illa
255 1355 333 1402 vero
341 1328 435 1403 navis
443 1327 596 1414 secunda,
607 1356 672 1429 qua
682 1330 772 1402 Naso
784 1357 802 1402 a
813 1346 915 1430 portu
929 1327 1084 1404 Cenchreo
1090 1349 1210 1429 rectus

137 1462 206 1519 erat
221 1443 263 1517 ad
280 1442 423 1520 insulam
438 1471 546 1545 usque
562 1442 825 1531 Samothraciam,
845 1444 924 1519 binc
941 1445 1068 1518 iturum·
1078 1436 1209 1521 solvens

137 1561 249 1662 pergit
265 1587 326 1661 per
342 1558 598 1660 Hellespontum
613 1560 649 1632 in
662 1559 831 1633 Euxinum
847 1587 936 1634 mare
953 1560 996 1632 ad
1009 1559 1114 1635 exsilii
1128 1561 1213 1636 ovi-
1322 1650 1324 1655 ,

139 1678 229 1752 diani
250 1676 370 1751 locum.
387 1678 471 1775 Ejus
487 1703 619 1751 cursum
635 1676 761 1751 Noster
772 1675 896 1750 ibidem
909 1676 1044 1751 exbibet
1055 1678 1155 1752 Trist.
1172 1680 1208 1765 l,

141 1814 179 1878 x,
197 1820 316 1867 avers.
331 1791 466 1883 nl-lpn,
484 1792 609 1892 quibus
624 1791 713 1866 varia
730 1780 889 1867 describit
903 1791 977 1866 laea
986 1793 1143 1869 litoribus
1152 1795 1209 1869 ad·

140 1909 266 2011 posita,
283 1936 355 2009 quae
369 1907 462 1982 navis
474 1925 545 1982 erat
560 1936 623 1983 suo
635 1909 672 1981 in
688 1936 787 1983 cursu
799 1902 1061 2010 praeterveeturu.
1078 1897 1210 1988 Priores

142 2042 271 2099 tantum
287 2024 343 2099 hic
360 2023 624 2112 transcribendi,
639 2024 731 2124 quod
747 2023 966 2100 elucidatione
979 2045 1118 2121 egeant:

341 2178 565 2250 Hellespontiacas
579 2180 621 2234 illa
632 2184 751 2249 reliquiss
762 2199 848 2250 aquas.

309 2270 523 2345 Dardaniamque
532 2278 599 2340 peti!
608 2272 719 2345 auctoris
730 2291 830 2326 namen
843 2270 1000 2349 habentem,
1014 2284 1062 2328 eto
1161 2274 1163 2279 ’

142 2424 249 2499 neque
261 2397 478 2506 praetereundi
492 2415 572 2473 sunt
587 2399 747 2500 postremi
761 2399 906 2501 ejusdem
918 2398 1095 2496 Elegiaevs.
1110 2401 1207 2499 ³45²,

307 2557 364 2610 Vos
375 2574 500 2626 quoque,
513 2557 682 2628 Tyndarallc,
698 2574 764 2625 quos
777 2555 833 2611 hoc
843 2556 905 2611 colit
915 2557 1000 2611 insula
1011 2597 1019 2625 ,
1025 2557 1134 2625 fratres,

341 2646 424 2714 Mite,
437 2665 547 2717 precor,
560 2650 672 2714 duplici,
685 2665 802 2711 numen,
816 2647 903 2701 adeste
917 2656 972 2701 aia.

309 2735 400 2791 Altera
410 2756 527 2806 namque
540 2748 614 2806 parat
625 2739 805 2810 Sympleqadas
816 2738 855 2793 ire
868 2758 916 2809 per
927 2752 1010 2795 arctas
1021 2763 1028 2805 ;

341 2828 469 2883 Scindere
482 2828 617 2885 Bistont‘as
627 2831 710 2883 altere
722 2831 815 2900 puppis
825 2850 914 2899 aquas.

312 2921 369 2975 Vos
380 2920 458 2975 tacite
469 2961 476 2987 ,
486 2932 517 2974 ut
530 2931 639 2982 reatos,
653 2920 709 2974 loca
721 2938 804 2990 quum
816 2920 919 2974 diversa
930 2932 1062 2990 petamus,

311 3060 315 3073 ,
345 3012 392 3068 llla
401 3031 463 3067 euos
474 3011 584 3081 babeat,
596 3033 646 3068 nec
656 3013 744 3091 minus
753 3014 801 3068 ista
813 3030 881 3067 astos⁸

143 3160 183 3206 ex
203 3130 328 3231 quibus
351 3139 397 3201 1⁰.
415 3127 672 3219 confirmantur,
698 3159 772 3231 que
786 3131 888 3239 moda
905 3130 1048 3209 diximus
1069 3129 1111 3205 de
1126 3132 1213 3211 teru'a

178 3326 248 3383 ι(31.
269 3320 354 3382 Nicol.
375 3286 609 3393 Heinsidsnutat,
622 3286 690 3385 ’una
710 3327 767 3382 eod.
788 3312 879 3387 baberi
899 3333 997 3399 telem,
1020 3300 1099 3399 aequa
1119 3341 1211 3400 putare

137 3421 251 3486 peregit,
265 3424 311 3468 aut
322 3411 386 3482 quid
396 3411 482 3465 simile
492 3413 649 3483 legendum
665 3433 679 3463 e
691 3431 770 3477 nam,
783 3412 872 3478 addit,
888 3413 1023 3483 quornodo
1033 3419 1132 3483 retranit
1142 3415 1214 3469 llel-

143 3520 159 3549 υ
170 3499 341 3568 hepatiten,
355 3514 413 3566 que
424 3494 591 3549 Dardanium
606 3508 633 3550 et
644 3497 817 3566 Lampsacum
828 3508 856 3551 et
870 3496 993 3567 Abydum
1000 3495 1214 3566 inipsisllelles·

142 3668 199 3721 sive
211 3666 315 3720 lieentia
327 3666 441 3735 poetica,
455 3665 507 3718 sive
522 3684 554 3717 ex
572 3684 620 3718 usu
638 3664 752 3735 vulgari,
774 3662 878 3735 largiori
899 3684 976 3719 sensu
995 3668 1215 3735 Hellespontiacas

141 3764 330 3820 aquasvouese
344 3749 500 3803 eamsmafls
518 3749 602 3820 AEgei
621 3760 741 3819 partem,
755 3767 814 3818 quse
831 3751 898 3803 circa
919 3751 1117 3804 Samothraciam
1135 3761 1212 3818 erat,

141 3835 226 3904 idque
237 3832 391 3891 confirmari
401 3852 433 3886 ex
446 3853 512 3887 vers
525 3839 608 3893 sS-ao
620 3835 739 3905 superius
758 3833 869 3902 prolatis.
881 3833 987 3887 Deinde
1004 3834 1140 3889 observare
1153 3845 1192 3889 est
1200 3874 1213 3899 -‚

141 3920 330 3991 quodcumque
344 3920 454 3972 verbum
465 3919 507 3973 bic
520 3920 640 3989 legatur,
653 3918 678 3972 id
691 3938 745 3972 non
759 3918 786 3971 in
802 3919 952 3988 preterito,
963 3919 1008 3972 sed
1020 3918 1061 3972 rel
1074 3921 1213 3990 praesenti,

141 4004 188 4058 sel
200 4003 292 4058 futuru
303 4014 424 4073 tempure
434 4002 619 4074 reponendum
629 4020 693 4066 esse3
701 4003 830 4072 siquidem
841 4005 913 4057 navis
923 4015 980 4057 tum
990 4004 1017 4056 in
1027 4003 1215 4059 Samothracia

141 4098 226 4159 portu
238 4087 389 4141 adhucdum
400 4097 471 4154 erat,
490 4106 574 4156 quum
592 4088 688 4142 Noster
705 4086 760 4141 baec
778 4087 922 4154 scriberet,
941 4099 971 4141 ut
987 4088 1082 4142 invicte
1103 4087 1215 4157 probant

140 4191 213 4227 vere.
222 4176 310 4239 45-50.
320 4172 430 4226 Mallem
441 4172 521 4241 igitur
528 4175 654 4240 relisqait,
664 4189 743 4240 quam
753 4175 854 4239 relegit,
867 4173 997 4229 vel'etiam'
1005 4177 1137 4242 relinquet,
1149 4172 1214 4225 sicut

141 4269 172 4314 et
184 4277 252 4313 vers.
262 4278 317 4329 seq,
326 4267 402 4334 petet
1167 4248 1172 4255 ⁴
