3159 5134
347 533 389 601 38
623 537 661 601 P.
694 536 874 603 OVIDII
907 533 1137 603 NASONIS

394 677 504 772 Quam
522 676 611 750 senis
628 676 753 772 OEagri
771 674 1003 776 Calliopesque
1017 703 1143 760 nurus;

346 794 457 889 Quam
473 820 556 891 puer
572 792 789 894 H)psipyles;
804 822 902 892 quam
919 792 978 893 qui
997 823 1074 867 cava
1089 792 1216 894 primus
1230 810 1326 867 acuta
1362 815 1415 884 tes

397 909 544 1009 Cuspide
561 910 706 1010 suspecti
722 907 844 982 roboro
854 907 926 981 fixit
940 908 1027 1008 equi.

346 1024 436 1095 Neve
452 1023 574 1117 gradus
590 1023 686 1098 adeas
702 1024 868 1123 Elpenore
884 1025 1014 1097 cautius
1028 1021 1140 1110 altos,

395 1138 537 1238 Vimque
552 1137 638 1213 ferm
654 1138 742 1225 vini,
761 1168 830 1239 quo
849 1136 926 1211 tulit
941 1137 997 1211 ille
1014 1136 1125 1210 modo.

348 1255 496 1353 Tamque
513 1255 609 1329 cadas
624 1254 787 1341 domitus,
802 1282 900 1354 quam
914 1252 1068 1355 qusquis
1080 1252 1122 1326 ad
1135 1281 1224 1326 arma
1243 1268 1416 1325 vocantem

395 1369 489 1443 Juvit
505 1371 721 1445 inhumanum
738 1370 982 1443 Thiodamanta
999 1370 1135 1469 Dryops
1149 1398 1158 1453 ;
1367 1391 1419 1460 49⁰

350 1485 461 1581 Quam
477 1485 567 1559 serus
580 1486 651 1586 ipse
669 1485 849 1585 suoperiit
862 1503 1026 1559 mactante
1041 1484 1075 1556 in
1093 1501 1190 1557 antro

400 1600 559 1674 Proditus
576 1600 711 1677 inclusa
729 1603 837 1675 Cacus
852 1602 895 1674 ab
913 1630 970 1675 ore
986 1602 1099 1687 bovis;

352 1716 463 1812 Quam
482 1718 538 1817 qui
557 1717 646 1792 dona
663 1717 742 1792 tulit
756 1721 894 1792 Lernaeo
914 1719 1017 1790 tincta
1033 1744 1178 1803 veneno,

399 1830 632 1931 Euboicasque
648 1861 710 1905 suo
725 1833 886 1927 sauguine
906 1830 1003 1902 tinxit
1019 1858 1130 1931 aquas.

352 1944 414 2017 Vel
431 1946 471 2018 de
487 1947 647 2048 praecipiti
664 1948 775 2021 venias
790 1948 825 2019 in
843 1949 980 2021 Tartara
993 1974 1089 2033 saxo,

403 2059 526 2160 thui
544 2060 747 2135 Socraticum
762 2058 804 2133 de
820 2088 898 2168 nece
914 2059 995 2155 legit
1008 2087 1111 2161 opus;

354 2178 402 2247 Ut
418 2178 476 2276 qui
490 2176 625 2250 Theseae
640 2175 766 2251 fallacia
784 2175 855 2250 vela
872 2178 990 2249 carinae

403 2293 499 2365 Vidit
513 2323 521 2381 ;
535 2313 574 2368 ut
588 2292 688 2367 Iliaca
701 2294 823 2371 missus
838 2293 881 2366 ab
898 2321 971 2367 arce
989 2319 1090 2393 puer,

355 2410 403 2482 Ut
420 2410 524 2483 teneri
541 2410 676 2501 nutrix,
698 2409 812 2483 eadem
826 2426 1019 2495 matertera,
1037 2406 1184 2493 Bocchi3

358 2574 404 2627 sulii
418 2575 510 2644 OEagri
522 2587 549 2628 et
562 2574 864 2644 cattiopmvideovid.
913 2584 1003 2627 natam
1020 2574 1137 2627 tunicam
1152 2571 1263 2625 Herculi
1279 2569 1390 2636 adtulit,
1408 2587 1424 2622 a

359 2652 468 2706 Metaon
483 2653 525 2706 lib.
536 2646 575 2721 X,
591 2673 658 2707 vers.
677 2671 708 2707 ro
719 2671 726 2705 ε
737 2653 865 2721 serpentis
914 2653 999 2721 quoin
1009 2670 1081 2705 mare
1087 2651 1235 2705 Euboicum
1244 2648 1361 2717 dejectius
1368 2657 1422 2713 est3

360 2733 408 2785 icta
421 2744 526 2786 mortua
536 2743 584 2786 est
916 2732 1015 2803 Hygin.
1027 2750 1082 2800 cap.
1094 2730 1134 2783 35.
1149 2729 1227 2782 Dore.

392 2812 448 2876 485.
472 2814 554 2877 Quam
560 2831 628 2877 puer.
642 2810 785 2881 Opheltes,
798 2811 867 2865 filius
948 2814 1006 2884 495.
1016 2813 1355 2880 Veldepraecr'pr'tr'verr'asiu
1365 2811 1425 2862 Ta»

361 2889 473 2960 Lycurgi
485 2890 553 2959 regis
566 2891 805 2959 Nemeorum,qui
818 2910 868 2959 po·
916 2901 980 2944 tara.
1009 2888 1195 2943 Cleombrotus
1218 2886 1423 2950 ambracioten,

360 2978 413 3019 ster
435 2967 612 3023 Archemorus
630 2980 668 3024 est
686 2969 783 3034 dictus,
803 2969 867 3022 dum
918 2970 1035 3024 Platonis
1058 2969 1100 3022 lib.
1125 2968 1158 3021 de
1174 2968 1265 3021 Anien.
1279 2967 1426 3021 immorta-

362 3063 454 3114 parum
469 3045 607 3115 diligenter
621 3048 653 3101 ab
667 3048 804 3120 Hipsipyle
817 3068 869 3102 nu·
917 3049 1002 3115 litate,
1016 3049 1060 3117 qui
1073 3046 1190 3102 Pbredon
1199 3045 1358 3110 inscribitur,
1368 3064 1427 3114 por·

363 3123 427 3176 trice
437 3123 627 3192 corrodimur,
639 3129 767 3196 serpentis
778 3144 869 3180 morsu
918 3128 999 3193 lecto,
1014 3147 1028 3181 e
1041 3128 1107 3180 turri
1119 3126 1147 3178 in
1158 3142 1217 3178 saxa
1228 3124 1387 3194 precipitem
1399 3142 1428 3177 se

362 3202 502 3256 exstinctus
511 3216 559 3258 est.
571 3204 634 3273 Qua
643 3207 756 3260 orbitate
770 3206 870 3278 Lycur-
919 3206 991 3261 dedit
1005 3226 1011 3260 ε
1026 3205 1121 3261 Cicero
1134 3214 1222 3257 autem
1235 3203 1263 3255 in
1277 3221 1350 3255 mere
1364 3221 1428 3255 eum

365 3279 514 3348 gusiratus,
524 3281 610 3335 dirum
619 3283 660 3349 jus
669 3285 696 3335 in
706 3284 871 3355 llipsipylem
919 3285 1007 3338 scribit
1018 3305 1045 3338 se
1058 3282 1236 3353 praecipitasse.
1248 3283 1317 3334 ztuc

364 3357 532 3423 exercuisset,
545 3358 571 3410 ni
583 3358 704 3413 aGroecis
712 3360 805 3414 fuisset
814 3381 873 3429 pro·
953 3369 1009 3437 497.
1021 3367 1056 3417 Ut
1064 3369 1110 3434 qui
1118 3366 1225 3416 Tbeseae.
1238 3359 1429 3429 AEgeusffhe-

364 3432 470 3497 blbllffli
478 3436 874 3504 ⁸l‘luum2b0r2ffll02dm0nlfi
920 3446 956 3500 sei
964 3456 1054 3515 pater,
1064 3463 1147 3514 quum
1154 3441 1308 3496 revertentis
1316 3438 1361 3492 filii
1372 3438 1429 3492 vela

288 3538 292 3545 ·
367 3521 453 3567 essent
467 3512 575 3581 Greci,
603 3533 657 3568 uon
679 3515 750 3584 prius
769 3515 875 3570 Thebas
921 3522 1428 3593 nigraexarreprospexisset,mortuum

367 3607 439 3657 pom
454 3592 606 3659 pervenire.
621 3612 700 3662 quam
717 3593 875 3647 Archemori
922 3601 1037 3671 putavit,
1047 3600 1186 3667 doloreque
1197 3619 1251 3652 sese
1261 3597 1430 3666 precipitavit

367 3684 458 3719 mones
476 3668 636 3737 placassent,
659 3670 735 3724 ludos
750 3670 875 3725 funebres
923 3700 953 3733 ex
965 3678 1016 3732 alto
1027 3699 1033 3731 ς
1044 3679 1075 3730 ab
1087 3677 1138 3730 hor.
1148 3696 1220 3730 mare
1229 3675 1351 3745 AEgoenm
1363 3693 1432 3726 non·

368 3747 581 3814 constituerunt,
599 3748 632 3802 de
652 3751 745 3819 quibus
764 3750 876 3805 victores
923 3755 987 3809 nulli
1000 3755 1100 3808 dictum
1114 3763 1215 3824 putant.

368 3825 420 3893 apii
431 3845 528 3878 corone
542 3827 765 3897 insigniebautur,
781 3841 809 3883 et
822 3830 876 3883 ludi
956 3834 1012 3904 498.
1036 3835 1120 3885 Iliaca
1136 3837 1229 3884 missus
1244 3834 1278 3883 ab
1291 3845 1350 3882 erce
1360 3845 1431 3893 puer.

369 3904 580 3970 posteaculebres
589 3907 667 3958 ele
678 3908 804 3976 agonibus
813 3908 877 3961 lsth·
924 3934 937 3957 «
951 3908 1027 3964 Heu!
1041 3910 1163 3964 columen
1178 3908 1240 3961 illud
1254 3906 1331 3975 regiae
1344 3916 1434 3959 extre-

371 3979 426 4034 mii.
436 3981 668 4050 Mmtu-er
678 3992 726 4056 qui.
741 3987 875 4052 Laocoon,
924 4008 1001 4041 mum
1013 3988 1105 4054 decus,
1119 3988 1237 4041 Tantum
1254 3984 1386 4039 timendos
1398 3981 1433 4035 ad

370 4063 486 4116 immisso
501 4062 554 4115 telo
572 4062 600 4115 in
618 4082 717 4133 equum
728 4066 877 4132 Troianum
925 4086 1018 4119 necem
1029 4067 1173 4120 extrahitur
1183 4084 1250 4133 puer
1259 4085 1266 4126 ;
1276 4085 1289 4110 ν
1300 4081 1331 4115 ex
1341 4062 1433 4131 Eurip.

370 4142 508 4212 ligneum,
527 4144 655 4212 serpentis
672 4163 762 4198 morsu
777 4144 877 4197 cecidit.
927 4146 1029 4199 Hecub.
1335 4148 1338 4153 ’

371 4220 473 4273 Notum
482 4232 519 4273 cst
528 4239 635 4274 cannen
645 4222 755 4291 Virgilii.
766 4223 843 4275 Doti.
958 4227 1014 4296 499.
1028 4227 1126 4278 Nutrix.
1137 4224 1202 4287 lno,
1215 4220 1332 4274 Semeles
1341 4237 1432 4284 soror,

405 4302 460 4372 493.
472 4305 552 4368 Quam
560 4306 688 4371 quidone.
697 4302 788 4355 Lichas
798 4320 878 4356 vene·
927 4321 1008 4370 quum
1022 4300 1189 4356 Athamantis
1201 4300 1249 4352 viri
1261 4299 1381 4352 furorem
1389 4297 1434 4349 su-
