<?xml version="1.0" encoding="UTF-8"?>
<!DOCTYPE html PUBLIC "-//W3C//DTD XHTML 1.0 Transitional//EN"
    "http://www.w3.org/TR/xhtml1/DTD/xhtml1-transitional.dtd">
<html xmlns="http://www.w3.org/1999/xhtml" xml:lang="en" lang="en">
 <head>
  <title>
</title>
<meta http-equiv="Content-Type" content="text/html;charset=utf-8" />
  <meta name='ocr-system' content='tesseract 3.04.00' />
  <meta name='ocr-capabilities' content='ocr_page ocr_carea ocr_par ocr_line ocrx_word'/>
</head>
<body>
  <div class='ocr_page' id='page_1' title='image "./publiusovidiusn00giergoog/publiusovidiusn00giergoog_0417.png"; bbox 0 0 3159 5134; ppageno 0'>
   <div class='ocr_carea' id='block_1_1' title="bbox 443 467 1279 600">
    <p class='ocr_par' dir='ltr' id='par_1_1' title="bbox 443 467 1279 600">
     <span class='ocr_line' id='line_1_1' title="bbox 443 467 1279 600; baseline -0.001 -27"><span class='ocrx_word' id='word_1_1' title='bbox 443 504 512 573; x_wconf 81' lang='lat' dir='ltr'><strong>uu</strong></span> <span class='ocrx_word' id='word_1_2' title='bbox 534 506 574 571; x_wconf 80' lang='lat' dir='ltr'><strong>u.</strong></span> <span class='ocrx_word' id='word_1_3' title='bbox 601 467 798 574; x_wconf 78' lang='lat' dir='ltr'><strong>ovruro</strong></span> <span class='ocrx_word' id='word_1_4' title='bbox 820 504 1043 572; x_wconf 80' lang='lat' dir='ltr'><strong>ussouu.</strong></span> <span class='ocrx_word' id='word_1_5' title='bbox 1211 504 1279 600; x_wconf 75' lang='lat'><strong>407</strong></span> 
     </span>
    </p>
   </div>
   <div class='ocr_carea' id='block_1_2' title="bbox 209 644 1358 831">
    <p class='ocr_par' dir='ltr' id='par_1_2' title="bbox 209 644 1358 831">
     <span class='ocr_line' id='line_1_2' title="bbox 209 644 1358 726; baseline -0.001 -18"><span class='ocrx_word' id='word_1_6' title='bbox 209 645 363 726; x_wconf 79' lang='lat' dir='ltr'><strong>explanata.</strong></span> <span class='ocrx_word' id='word_1_7' title='bbox 386 644 531 722; x_wconf 63' lang='lat' dir='ltr'><strong>Ponitis,</strong></span> <span class='ocrx_word' id='word_1_8' title='bbox 548 668 587 707; x_wconf 77' lang='lat' dir='ltr'><strong>eso</strong></span> <span class='ocrx_word' id='word_1_9' title='bbox 606 644 722 724; x_wconf 67' lang='lat' dir='ltr'><strong>ffeluo</strong></span> <span class='ocrx_word' id='word_1_10' title='bbox 749 647 939 708; x_wconf 80' lang='lat' dir='ltr'><strong>Ascansiunu.</strong></span> <span class='ocrx_word' id='word_1_11' title='bbox 961 647 1082 708; x_wconf 81' lang='lat' dir='ltr'><strong>Mulx.</strong></span> <span class='ocrx_word' id='word_1_12' title='bbox 1107 646 1139 708; x_wconf 89' lang='lat' dir='ltr'><strong>iu</strong></span> <span class='ocrx_word' id='word_1_13' title='bbox 1152 647 1225 723; x_wconf 49' lang='lat'><strong>4⁰.</strong></span> <span class='ocrx_word' id='word_1_14' title='bbox 1239 682 1281 697; x_wconf 88' lang='lat'><strong>·-</strong></span> <span class='ocrx_word' id='word_1_15' title='bbox 1354 668 1358 674; x_wconf 91' lang='lat'><em>·</em></span> 
     </span>
     <span class='ocr_line' id='line_1_3' title="bbox 209 744 1174 831; baseline -0.007 -21"><span class='ocrx_word' id='word_1_16' title='bbox 209 748 330 821; x_wconf 64' lang='lat' dir='ltr'><strong>Panas,</strong></span> <span class='ocrx_word' id='word_1_17' title='bbox 347 756 419 806; x_wconf 87' lang='lat' dir='ltr'><strong>tom.</strong></span> <span class='ocrx_word' id='word_1_18' title='bbox 430 746 512 822; x_wconf 82' lang='lat' dir='ltr'><strong>vll,</strong></span> <span class='ocrx_word' id='word_1_19' title='bbox 527 767 591 831; x_wconf 88' lang='lat' dir='ltr'><strong>pag.</strong></span> <span class='ocrx_word' id='word_1_20' title='bbox 606 744 675 830; x_wconf 82' lang='lat'><strong>537.</strong></span> <span class='ocrx_word' id='word_1_21' title='bbox 1172 785 1174 788; x_wconf 92' lang='lat'>-</span> 
     </span>
    </p>
   </div>
   <div class='ocr_carea' id='block_1_3' title="bbox 116 851 1279 936">
    <p class='ocr_par' dir='ltr' id='par_1_3' title="bbox 116 851 1279 936">
     <span class='ocr_line' id='line_1_4' title="bbox 116 851 1279 936; baseline 0.002 -22"><span class='ocrx_word' id='word_1_22' title='bbox 116 867 118 870; x_wconf 76' lang='grc'><strong>’</strong></span> <span class='ocrx_word' id='word_1_23' title='bbox 251 851 376 914; x_wconf 81' lang='lat' dir='ltr'><strong>Ovidius</strong></span> <span class='ocrx_word' id='word_1_24' title='bbox 391 851 428 912; x_wconf 89' lang='lat' dir='ltr'><strong>de</strong></span> <span class='ocrx_word' id='word_1_25' title='bbox 434 852 524 914; x_wconf 87' lang='lat' dir='ltr'><strong>Fastis</strong></span> <span class='ocrx_word' id='word_1_26' title='bbox 533 874 584 930; x_wconf 88' lang='lat' dir='ltr'><strong>per</strong></span> <span class='ocrx_word' id='word_1_27' title='bbox 600 855 734 913; x_wconf 87' lang='lat' dir='ltr'><strong>Faustum</strong></span> <span class='ocrx_word' id='word_1_28' title='bbox 745 852 913 936; x_wconf 82' lang='lat' dir='ltr'><strong>recognitus</strong></span> <span class='ocrx_word' id='word_1_29' title='bbox 927 864 1144 935; x_wconf 81' lang='lat' dir='ltr'><strong>annotatusque·</strong></span> <span class='ocrx_word' id='word_1_30' title='bbox 1159 856 1195 914; x_wconf 92' lang='lat' dir='ltr'><strong>In</strong></span> <span class='ocrx_word' id='word_1_31' title='bbox 1204 852 1279 916; x_wconf 83' lang='lat' dir='ltr'><strong>tine:</strong></span> 
     </span>
    </p>
   </div>
   <div class='ocr_carea' id='block_1_4' title="bbox 207 952 1282 1337">
    <p class='ocr_par' dir='ltr' id='par_1_4' title="bbox 207 952 1282 1337">
     <span class='ocr_line' id='line_1_5' title="bbox 211 952 1280 1030; baseline 0.004 -20"><span class='ocrx_word' id='word_1_32' title='bbox 211 980 227 1010; x_wconf 74' lang='lat' dir='ltr'><strong>r</strong></span> <span class='ocrx_word' id='word_1_33' title='bbox 246 955 281 1014; x_wconf 85' lang='grc' dir='ltr'><strong>Ρ.</strong></span> <span class='ocrx_word' id='word_1_34' title='bbox 308 953 407 1016; x_wconf 89' lang='lat' dir='ltr'><strong>Ovidii</strong></span> <span class='ocrx_word' id='word_1_35' title='bbox 432 953 556 1015; x_wconf 86' lang='lat' dir='ltr'><strong>Nasonis</strong></span> <span class='ocrx_word' id='word_1_36' title='bbox 573 978 581 1015; x_wconf 72' lang='grc' dir='ltr'>ι</span> <span class='ocrx_word' id='word_1_37' title='bbox 597 952 662 1014; x_wconf 89' lang='lat' dir='ltr'><strong>llbri</strong></span> <span class='ocrx_word' id='word_1_38' title='bbox 684 953 756 1014; x_wconf 79' lang='lat' dir='ltr'><strong>sexti</strong></span> <span class='ocrx_word' id='word_1_39' title='bbox 777 965 808 1014; x_wconf 87' lang='lat' dir='ltr'><strong>et</strong></span> <span class='ocrx_word' id='word_1_40' title='bbox 822 954 915 1016; x_wconf 85' lang='lat' dir='ltr'><strong>ultimi</strong></span> <span class='ocrx_word' id='word_1_41' title='bbox 935 955 1009 1016; x_wconf 78' lang='lat' dir='ltr'><strong>finis.</strong></span> <span class='ocrx_word' id='word_1_42' title='bbox 1033 953 1211 1030; x_wconf 78' lang='lat' dir='ltr'><strong>Parrbisiis‚</strong></span> <span class='ocrx_word' id='word_1_43' title='bbox 1236 956 1280 1015; x_wconf 96' lang='lat' dir='ltr'><strong>M.</strong></span> 
     </span>
     <span class='ocr_line' id='line_1_6' title="bbox 209 1053 1282 1132; baseline 0.001 -17"><span class='ocrx_word' id='word_1_44' title='bbox 209 1053 343 1115; x_wconf 85' lang='grc'><strong>00000.</strong></span> <span class='ocrx_word' id='word_1_45' title='bbox 357 1055 413 1113; x_wconf 82' lang='grc' dir='ltr'><strong>ΙΧ.</strong></span> <span class='ocrx_word' id='word_1_46' title='bbox 429 1055 568 1132; x_wconf 88' lang='lat' dir='ltr'><strong>lmpeusis</strong></span> <span class='ocrx_word' id='word_1_47' title='bbox 582 1054 723 1116; x_wconf 83' lang='lat' dir='ltr'><strong>Iohannis</strong></span> <span class='ocrx_word' id='word_1_48' title='bbox 734 1054 821 1115; x_wconf 86' lang='lat' dir='ltr'><strong>Petit.</strong></span> <span class='ocrx_word' id='word_1_49' title='bbox 835 1055 947 1116; x_wconf 79' lang='lat' dir='ltr'>Venalis</span> <span class='ocrx_word' id='word_1_50' title='bbox 965 1067 1008 1117; x_wconf 89' lang='lat' dir='ltr'><strong>est</strong></span> <span class='ocrx_word' id='word_1_51' title='bbox 1022 1055 1069 1115; x_wconf 89' lang='lat' dir='ltr'><strong>hie</strong></span> <span class='ocrx_word' id='word_1_52' title='bbox 1084 1054 1155 1116; x_wconf 88' lang='lat' dir='ltr'><strong>liber</strong></span> <span class='ocrx_word' id='word_1_53' title='bbox 1169 1054 1201 1115; x_wconf 90' lang='lat' dir='ltr'><strong>in</strong></span> <span class='ocrx_word' id='word_1_54' title='bbox 1216 1054 1282 1116; x_wconf 81' lang='lat' dir='ltr'><strong>vico</strong></span> 
     </span>
     <span class='ocr_line' id='line_1_7' title="bbox 211 1152 1279 1229; baseline -0.002 -12"><span class='ocrx_word' id='word_1_55' title='bbox 211 1153 308 1217; x_wconf 81' lang='lat' dir='ltr'><strong>Sancti</strong></span> <span class='ocrx_word' id='word_1_56' title='bbox 318 1152 441 1228; x_wconf 80' lang='lat' dir='ltr'><strong>Jacobi,</strong></span> <span class='ocrx_word' id='word_1_57' title='bbox 460 1165 516 1215; x_wconf 83' lang='lat' dir='ltr'><strong>etc.</strong></span> <span class='ocrx_word' id='word_1_58' title='bbox 530 1182 546 1209; x_wconf 73' lang='lat' dir='ltr'><strong>s</strong></span> <span class='ocrx_word' id='word_1_59' title='bbox 558 1154 653 1229; x_wconf 65' lang='lat' dir='ltr'><strong>irs-4⁰.</strong></span> <span class='ocrx_word' id='word_1_60' title='bbox 665 1153 830 1216; x_wconf 88' lang='lat' dir='ltr'><strong>-Prodiit</strong></span> <span class='ocrx_word' id='word_1_61' title='bbox 845 1154 907 1217; x_wconf 87' lang='lat' dir='ltr'><strong>baec</strong></span> <span class='ocrx_word' id='word_1_62' title='bbox 918 1154 964 1217; x_wconf 82' lang='lat' dir='ltr'><strong>ed.</strong></span> <span class='ocrx_word' id='word_1_63' title='bbox 980 1176 1014 1215; x_wconf 81' lang='lat' dir='ltr'><strong>ex</strong></span> <span class='ocrx_word' id='word_1_64' title='bbox 1031 1153 1145 1216; x_wconf 89' lang='lat' dir='ltr'><strong>officina</strong></span> <span class='ocrx_word' id='word_1_65' title='bbox 1164 1154 1279 1217; x_wconf 85' lang='lat' dir='ltr'><strong>Nicolai</strong></span> 
     </span>
     <span class='ocr_line' id='line_1_8' title="bbox 207 1253 784 1337; baseline -0.003 -23"><span class='ocrx_word' id='word_1_66' title='bbox 207 1253 362 1315; x_wconf 83' lang='lat' dir='ltr'><strong>Proteusis.</strong></span> <span class='ocrx_word' id='word_1_67' title='bbox 380 1255 507 1331; x_wconf 69' lang='lat' dir='ltr'><strong>Pariter,</strong></span> <span class='ocrx_word' id='word_1_68' title='bbox 523 1265 596 1315; x_wconf 91' lang='lat' dir='ltr'><strong>tom.</strong></span> <span class='ocrx_word' id='word_1_69' title='bbox 611 1255 658 1328; x_wconf 80' lang='lat' dir='ltr'><strong>x,</strong></span> <span class='ocrx_word' id='word_1_70' title='bbox 674 1274 737 1337; x_wconf 84' lang='lat' dir='ltr'><strong>pag.</strong></span> <span class='ocrx_word' id='word_1_71' title='bbox 754 1253 784 1328; x_wconf 72' lang='grc'><strong>4.</strong></span> 
     </span>
    </p>
   </div>
   <div class='ocr_carea' id='block_1_5' title="bbox 705 1395 792 1458">
    <p class='ocr_par' dir='ltr' id='par_1_5' title="bbox 705 1395 792 1458">
     <span class='ocr_line' id='line_1_9' title="bbox 705 1395 792 1458; baseline 0 -3"><span class='ocrx_word' id='word_1_72' title='bbox 705 1395 792 1458; x_wconf 87' lang='grc' dir='ltr'><strong>ι5ιο.</strong></span> 
     </span>
    </p>
   </div>
   <div class='ocr_carea' id='block_1_6' title="bbox 204 1513 1277 2722">
    <p class='ocr_par' dir='ltr' id='par_1_6' title="bbox 205 1513 1277 2109">
     <span class='ocr_line' id='line_1_10' title="bbox 248 1513 1277 1613; baseline 0.002 -26"><span class='ocrx_word' id='word_1_73' title='bbox 248 1526 380 1605; x_wconf 86' lang='lat' dir='ltr'><strong>Epistole</strong></span> <span class='ocrx_word' id='word_1_74' title='bbox 405 1527 548 1592; x_wconf 79' lang='lat' dir='ltr'><strong>Heroides</strong></span> <span class='ocrx_word' id='word_1_75' title='bbox 572 1513 703 1611; x_wconf 80' lang='lat' dir='ltr'><strong>diligenti</strong></span> <span class='ocrx_word' id='word_1_76' title='bbox 727 1528 910 1613; x_wconf 78' lang='lat' dir='ltr'><strong>castigatione</strong></span> <span class='ocrx_word' id='word_1_77' title='bbox 938 1529 1049 1590; x_wconf 82' lang='lat' dir='ltr'><strong>exculte</strong></span> <span class='ocrx_word' id='word_1_78' title='bbox 1069 1526 1277 1610; x_wconf 85' lang='lat' dir='ltr'><strong>aptissimisque</strong></span> 
     </span>
     <span class='ocr_line' id='line_1_11' title="bbox 206 1624 1277 1708; baseline 0 -23"><span class='ocrx_word' id='word_1_79' title='bbox 206 1624 312 1708; x_wconf 81' lang='lat' dir='ltr'><strong>figuris·</strong></span> <span class='ocrx_word' id='word_1_80' title='bbox 322 1636 440 1685; x_wconf 85' lang='lat' dir='ltr'><strong>ornate:</strong></span> <span class='ocrx_word' id='word_1_81' title='bbox 458 1625 713 1688; x_wconf 69' lang='lat' dir='ltr'><strong>commutantibus</strong></span> <span class='ocrx_word' id='word_1_82' title='bbox 730 1626 802 1695; x_wconf 78' lang='lat' dir='ltr'><strong>Ant,</strong></span> <span class='ocrx_word' id='word_1_83' title='bbox 816 1627 926 1689; x_wconf 79' lang='lat' dir='ltr'><strong>Volsco</strong></span> <span class='ocrx_word' id='word_1_84' title='bbox 940 1639 970 1686; x_wconf 89' lang='lat' dir='ltr'><strong>et</strong></span> <span class='ocrx_word' id='word_1_85' title='bbox 977 1625 1122 1688; x_wconf 84' lang='lat' dir='ltr'><strong>Ubertino</strong></span> <span class='ocrx_word' id='word_1_86' title='bbox 1131 1625 1277 1687; x_wconf 85' lang='lat' dir='ltr'><strong>Crescen-</strong></span> 
     </span>
     <span class='ocr_line' id='line_1_12' title="bbox 206 1726 1277 1801; baseline -0.002 -13"><span class='ocrx_word' id='word_1_87' title='bbox 206 1727 314 1801; x_wconf 87' lang='lat' dir='ltr'><strong>tiuate,</strong></span> <span class='ocrx_word' id='word_1_88' title='bbox 330 1726 360 1786; x_wconf 92' lang='lat' dir='ltr'><strong>in</strong></span> <span class='ocrx_word' id='word_1_89' title='bbox 376 1726 441 1788; x_wconf 90' lang='lat' dir='ltr'><strong>lbiu</strong></span> <span class='ocrx_word' id='word_1_90' title='bbox 455 1745 524 1792; x_wconf 78' lang='lat' dir='ltr'><strong>uero</strong></span> <span class='ocrx_word' id='word_1_91' title='bbox 538 1726 670 1790; x_wconf 82' lang='lat' dir='ltr'><strong>Domitio</strong></span> <span class='ocrx_word' id='word_1_92' title='bbox 682 1727 836 1791; x_wconf 85' lang='lat' dir='ltr'><strong>Calderiuo</strong></span> <span class='ocrx_word' id='word_1_93' title='bbox 847 1740 876 1789; x_wconf 90' lang='lat' dir='ltr'><strong>et</strong></span> <span class='ocrx_word' id='word_1_94' title='bbox 887 1726 1068 1789; x_wconf 81' lang='lat' dir='ltr'><strong>Christoiero</strong></span> <span class='ocrx_word' id='word_1_95' title='bbox 1085 1729 1207 1800; x_wconf 73' lang='lat' dir='ltr'><strong>zaroes,</strong></span> <span class='ocrx_word' id='word_1_96' title='bbox 1220 1738 1277 1787; x_wconf 83' lang='lat' dir='ltr'><strong>etc.</strong></span> 
     </span>
     <span class='ocr_line' id='line_1_13' title="bbox 208 1824 1277 1906; baseline 0.003 -22"><span class='ocrx_word' id='word_1_97' title='bbox 208 1827 244 1885; x_wconf 95' lang='lat' dir='ltr'><strong>Iu</strong></span> <span class='ocrx_word' id='word_1_98' title='bbox 258 1825 338 1888; x_wconf 86' lang='lat' dir='ltr'><strong>line:</strong></span> <span class='ocrx_word' id='word_1_99' title='bbox 359 1852 375 1880; x_wconf 77' lang='grc' dir='ltr'><strong>α</strong></span> <span class='ocrx_word' id='word_1_100' title='bbox 393 1829 565 1906; x_wconf 86' lang='lat' dir='ltr'><strong>Impressum</strong></span> <span class='ocrx_word' id='word_1_101' title='bbox 588 1827 716 1889; x_wconf 86' lang='lat' dir='ltr'><strong>Venetiis</strong></span> <span class='ocrx_word' id='word_1_102' title='bbox 737 1848 787 1906; x_wconf 91' lang='lat' dir='ltr'><strong>per</strong></span> <span class='ocrx_word' id='word_1_103' title='bbox 813 1829 955 1888; x_wconf 84' lang='lat' dir='ltr'><strong>Ioannem</strong></span> <span class='ocrx_word' id='word_1_104' title='bbox 975 1824 1135 1888; x_wconf 87' lang='lat' dir='ltr'><strong>Tacuinum</strong></span> <span class='ocrx_word' id='word_1_105' title='bbox 1152 1825 1187 1886; x_wconf 89' lang='lat' dir='ltr'><strong>de</strong></span> <span class='ocrx_word' id='word_1_106' title='bbox 1204 1825 1277 1887; x_wconf 90' lang='lat' dir='ltr'><strong>Tri-</strong></span> 
     </span>
     <span class='ocr_line' id='line_1_14' title="bbox 207 1922 1274 2000; baseline 0.003 -15"><span class='ocrx_word' id='word_1_107' title='bbox 207 1925 288 1986; x_wconf 88' lang='lat' dir='ltr'><strong>diuo.</strong></span> <span class='ocrx_word' id='word_1_108' title='bbox 304 1925 396 1988; x_wconf 75' lang='lat' dir='ltr'><strong>Auno</strong></span> <span class='ocrx_word' id='word_1_109' title='bbox 406 1926 528 1988; x_wconf 86' lang='lat' dir='ltr'>Domini</span> <span class='ocrx_word' id='word_1_110' title='bbox 542 1928 587 1987; x_wconf 91' lang='lat' dir='ltr'><strong>M.</strong></span> <span class='ocrx_word' id='word_1_111' title='bbox 599 1926 639 1985; x_wconf 91' lang='lat' dir='ltr'><strong>D.</strong></span> <span class='ocrx_word' id='word_1_112' title='bbox 654 1922 695 1986; x_wconf 78' lang='grc' dir='ltr'><strong>Χ.</strong></span> <span class='ocrx_word' id='word_1_113' title='bbox 713 1927 758 1989; x_wconf 88' lang='lat' dir='ltr'><strong>die</strong></span> <span class='ocrx_word' id='word_1_114' title='bbox 775 1944 841 1989; x_wconf 80' lang='lat' dir='ltr'><strong>xxx</strong></span> <span class='ocrx_word' id='word_1_115' title='bbox 854 1927 935 1989; x_wconf 83' lang='lat' dir='ltr'><strong>Iulii.</strong></span> <span class='ocrx_word' id='word_1_116' title='bbox 952 1954 968 1983; x_wconf 71' lang='lat' dir='ltr'><strong>a</strong></span> <span class='ocrx_word' id='word_1_117' title='bbox 988 1926 1082 1989; x_wconf 81' lang='lat' dir='ltr'><strong>iu-Iol·</strong></span> <span class='ocrx_word' id='word_1_118' title='bbox 1093 1959 1136 1974; x_wconf 91' lang='lat'><strong>·-</strong></span> <span class='ocrx_word' id='word_1_119' title='bbox 1148 1929 1274 2000; x_wconf 69' lang='lat' dir='ltr'><strong>emur,</strong></span> 
     </span>
     <span class='ocr_line' id='line_1_15' title="bbox 205 2024 563 2109; baseline -0.006 -22"><span class='ocrx_word' id='word_1_120' title='bbox 205 2036 277 2087; x_wconf 84' lang='lat' dir='ltr'><strong>tom.</strong></span> <span class='ocrx_word' id='word_1_121' title='bbox 297 2027 397 2100; x_wconf 85' lang='lat' dir='ltr'>VIII,</span> <span class='ocrx_word' id='word_1_122' title='bbox 413 2047 477 2109; x_wconf 87' lang='lat' dir='ltr'><strong>pag.</strong></span> <span class='ocrx_word' id='word_1_123' title='bbox 492 2024 563 2100; x_wconf 63' lang='lat' dir='ltr'><strong>loa.</strong></span> 
     </span>
    </p>

    <p class='ocr_par' dir='ltr' id='par_1_7' title="bbox 205 2130 1275 2416">
     <span class='ocr_line' id='line_1_16' title="bbox 247 2130 1275 2211; baseline -0.002 -17"><span class='ocrx_word' id='word_1_124' title='bbox 247 2134 293 2194; x_wconf 89' lang='lat' dir='ltr'><strong>De</strong></span> <span class='ocrx_word' id='word_1_125' title='bbox 302 2132 379 2201; x_wconf 79' lang='lat' dir='ltr'><strong>Arte</strong></span> <span class='ocrx_word' id='word_1_126' title='bbox 387 2131 511 2195; x_wconf 74' lang='lat' dir='ltr'><strong>amandi</strong></span> <span class='ocrx_word' id='word_1_127' title='bbox 521 2144 552 2194; x_wconf 92' lang='lat' dir='ltr'><strong>et</strong></span> <span class='ocrx_word' id='word_1_128' title='bbox 560 2130 701 2193; x_wconf 82' lang='lat' dir='ltr'><strong>Remedio</strong></span> <span class='ocrx_word' id='word_1_129' title='bbox 714 2130 843 2204; x_wconf 78' lang='lat' dir='ltr'><strong>Amoris,</strong></span> <span class='ocrx_word' id='word_1_130' title='bbox 857 2153 921 2194; x_wconf 84' lang='lat' dir='ltr'><strong>cum</strong></span> <span class='ocrx_word' id='word_1_131' title='bbox 930 2133 1165 2211; x_wconf 85' lang='lat' dir='ltr'><strong>interpretatione</strong></span> <span class='ocrx_word' id='word_1_132' title='bbox 1175 2132 1275 2193; x_wconf 81' lang='lat' dir='ltr'><strong>Barth.</strong></span> 
     </span>
     <span class='ocr_line' id='line_1_17' title="bbox 205 2230 1271 2315; baseline 0 -22"><span class='ocrx_word' id='word_1_133' title='bbox 205 2232 336 2295; x_wconf 71' lang='lat' dir='ltr'><strong>Merulae·</strong></span> <span class='ocrx_word' id='word_1_134' title='bbox 349 2258 364 2286; x_wconf 76' lang='lat' dir='ltr'><strong>u</strong></span> <span class='ocrx_word' id='word_1_135' title='bbox 381 2235 554 2310; x_wconf 86' lang='lat' dir='ltr'><strong>Impressum</strong></span> <span class='ocrx_word' id='word_1_136' title='bbox 564 2230 721 2293; x_wconf 78' lang='lat' dir='ltr'><strong>MedIolaui</strong></span> <span class='ocrx_word' id='word_1_137' title='bbox 732 2253 783 2310; x_wconf 88' lang='lat' dir='ltr'><strong>per</strong></span> <span class='ocrx_word' id='word_1_138' title='bbox 789 2232 973 2294; x_wconf 88' lang='lat' dir='ltr'><strong>Leouardum</strong></span> <span class='ocrx_word' id='word_1_139' title='bbox 983 2231 1125 2315; x_wconf 81' lang='lat' dir='ltr'><strong>Vegium,</strong></span> <span class='ocrx_word' id='word_1_140' title='bbox 1140 2234 1244 2293; x_wconf 82' lang='lat' dir='ltr'><strong>Mnx.</strong></span> <span class='ocrx_word' id='word_1_141' title='bbox 1254 2259 1271 2286; x_wconf 75' lang='lat' dir='ltr'><strong>s</strong></span> 
     </span>
     <span class='ocr_line' id='line_1_18' title="bbox 205 2328 846 2416; baseline -0.005 -26"><span class='ocrx_word' id='word_1_142' title='bbox 205 2330 299 2392; x_wconf 84' lang='lat' dir='ltr'><strong>in—lol.</strong></span> <span class='ocrx_word' id='word_1_143' title='bbox 315 2365 357 2378; x_wconf 92' lang='lat'>-</span> <span class='ocrx_word' id='word_1_144' title='bbox 369 2333 494 2406; x_wconf 72' lang='lat' dir='ltr'><strong>Panm,</strong></span> <span class='ocrx_word' id='word_1_145' title='bbox 510 2343 581 2393; x_wconf 86' lang='lat' dir='ltr'><strong>tom·</strong></span> <span class='ocrx_word' id='word_1_146' title='bbox 593 2333 657 2392; x_wconf 86' lang='lat' dir='ltr'><strong>VII</strong></span> <span class='ocrx_word' id='word_1_147' title='bbox 670 2376 679 2406; x_wconf 84' lang='lat'>‚</span> <span class='ocrx_word' id='word_1_148' title='bbox 696 2353 759 2416; x_wconf 82' lang='lat' dir='ltr'><strong>pag.</strong></span> <span class='ocrx_word' id='word_1_149' title='bbox 777 2328 846 2415; x_wconf 82' lang='lat'><strong>389.</strong></span> 
     </span>
    </p>

    <p class='ocr_par' dir='ltr' id='par_1_8' title="bbox 204 2435 1272 2620">
     <span class='ocr_line' id='line_1_19' title="bbox 245 2435 1272 2522; baseline -0.003 -22"><span class='ocrx_word' id='word_1_150' title='bbox 245 2437 512 2520; x_wconf 85' lang='lat' dir='ltr'><strong>Metamorphoseos</strong></span> <span class='ocrx_word' id='word_1_151' title='bbox 521 2435 595 2498; x_wconf 90' lang='lat' dir='ltr'><strong>libri.</strong></span> <span class='ocrx_word' id='word_1_152' title='bbox 605 2463 620 2491; x_wconf 69' lang='grc' dir='ltr'><strong>(ι</strong></span> <span class='ocrx_word' id='word_1_153' title='bbox 633 2439 770 2522; x_wconf 80' lang='lat' dir='ltr'><strong>Lugduni</strong></span> <span class='ocrx_word' id='word_1_154' title='bbox 781 2482 790 2514; x_wconf 84' lang='lat'>‚</span> <span class='ocrx_word' id='word_1_155' title='bbox 801 2460 851 2517; x_wconf 87' lang='lat' dir='ltr'><strong>per</strong></span> <span class='ocrx_word' id='word_1_156' title='bbox 859 2438 1009 2501; x_wconf 87' lang='lat' dir='ltr'><strong>Claudium</strong></span> <span class='ocrx_word' id='word_1_157' title='bbox 1023 2437 1138 2499; x_wconf 73' lang='lat' dir='ltr'><strong>Durost-</strong></span> <span class='ocrx_word' id='word_1_158' title='bbox 1152 2439 1272 2511; x_wconf 65' lang='lat' dir='ltr'><strong>Mltx,</strong></span> 
     </span>
     <span class='ocr_line' id='line_1_20' title="bbox 204 2532 1097 2620; baseline -0.002 -25"><span class='ocrx_word' id='word_1_159' title='bbox 204 2552 248 2595; x_wconf 81' lang='lat' dir='ltr'><strong>xv</strong></span> <span class='ocrx_word' id='word_1_160' title='bbox 266 2535 326 2597; x_wconf 82' lang='lat' dir='ltr'><strong>Cat.</strong></span> <span class='ocrx_word' id='word_1_161' title='bbox 342 2536 420 2596; x_wconf 85' lang='lat' dir='ltr'><strong>Maii.</strong></span> <span class='ocrx_word' id='word_1_162' title='bbox 436 2562 451 2591; x_wconf 77' lang='lat' dir='ltr'><strong>n</strong></span> <span class='ocrx_word' id='word_1_163' title='bbox 464 2532 559 2607; x_wconf 62' lang='lat' dir='ltr'><strong>iu-lp0.</strong></span> <span class='ocrx_word' id='word_1_164' title='bbox 575 2568 616 2581; x_wconf 90' lang='lat'>-</span> <span class='ocrx_word' id='word_1_165' title='bbox 630 2536 747 2609; x_wconf 65' lang='lat' dir='ltr'><strong>Pansa,</strong></span> <span class='ocrx_word' id='word_1_166' title='bbox 759 2548 831 2597; x_wconf 88' lang='lat' dir='ltr'><strong>tom.</strong></span> <span class='ocrx_word' id='word_1_167' title='bbox 848 2536 934 2614; x_wconf 81' lang='lat' dir='ltr'><strong>vll,</strong></span> <span class='ocrx_word' id='word_1_168' title='bbox 951 2557 1015 2620; x_wconf 85' lang='lat' dir='ltr'><strong>pag.</strong></span> <span class='ocrx_word' id='word_1_169' title='bbox 1028 2534 1097 2620; x_wconf 70' lang='grc'><strong>294.</strong></span> 
     </span>
    </p>

    <p class='ocr_par' dir='ltr' id='par_1_9' title="bbox 245 2640 1270 2722">
     <span class='ocr_line' id='line_1_21' title="bbox 245 2640 1270 2722; baseline 0 -18"><span class='ocrx_word' id='word_1_170' title='bbox 245 2640 372 2721; x_wconf 77' lang='lat' dir='ltr'><strong>Accipe,</strong></span> <span class='ocrx_word' id='word_1_171' title='bbox 389 2643 516 2704; x_wconf 77' lang='lat' dir='ltr'><strong>studiose</strong></span> <span class='ocrx_word' id='word_1_172' title='bbox 533 2643 643 2720; x_wconf 82' lang='lat' dir='ltr'><strong>lector,</strong></span> <span class='ocrx_word' id='word_1_173' title='bbox 659 2645 694 2705; x_wconf 83' lang='lat' dir='ltr'><strong>P.</strong></span> <span class='ocrx_word' id='word_1_174' title='bbox 714 2644 814 2708; x_wconf 80' lang='lat' dir='ltr'><strong>Ovidii</strong></span> <span class='ocrx_word' id='word_1_175' title='bbox 829 2645 1084 2722; x_wconf 84' lang='lat' dir='ltr'><strong>Metamorphoseis</strong></span> <span class='ocrx_word' id='word_1_176' title='bbox 1102 2663 1167 2706; x_wconf 80' lang='lat' dir='ltr'><strong>cum</strong></span> <span class='ocrx_word' id='word_1_177' title='bbox 1181 2645 1270 2705; x_wconf 81' lang='lat' dir='ltr'><strong>lucu-</strong></span> 
     </span>
    </p>
   </div>
   <div class='ocr_carea' id='block_1_7' title="bbox 203 2741 1381 2828">
    <p class='ocr_par' dir='ltr' id='par_1_10' title="bbox 203 2741 1381 2828">
     <span class='ocr_line' id='line_1_22' title="bbox 203 2741 1381 2828; baseline 0.002 -25"><span class='ocrx_word' id='word_1_178' title='bbox 203 2742 366 2804; x_wconf 89' lang='lat' dir='ltr'><strong>lentissimis</strong></span> <span class='ocrx_word' id='word_1_179' title='bbox 381 2743 475 2823; x_wconf 83' lang='lat' dir='ltr'><strong>Raph.</strong></span> <span class='ocrx_word' id='word_1_180' title='bbox 495 2741 581 2828; x_wconf 85' lang='lat' dir='ltr'><strong>Regii</strong></span> <span class='ocrx_word' id='word_1_181' title='bbox 602 2743 826 2805; x_wconf 81' lang='lat' dir='ltr'><strong>enarrationibus</strong></span> <span class='ocrx_word' id='word_1_182' title='bbox 844 2769 851 2804; x_wconf 89' lang='lat'>:</span> <span class='ocrx_word' id='word_1_183' title='bbox 869 2744 973 2827; x_wconf 81' lang='lat' dir='ltr'><strong>quibus</strong></span> <span class='ocrx_word' id='word_1_184' title='bbox 998 2743 1118 2822; x_wconf 90' lang='lat' dir='ltr'><strong>plurima</strong></span> <span class='ocrx_word' id='word_1_185' title='bbox 1134 2743 1273 2825; x_wconf 82' lang='lat' dir='ltr'><strong>adscripta</strong></span> <span class='ocrx_word' id='word_1_186' title='bbox 1379 2755 1381 2762; x_wconf 83' lang='grc'>’</span> 
     </span>
    </p>
   </div>
   <div class='ocr_carea' id='block_1_8' title="bbox 200 2844 1272 4339">
    <p class='ocr_par' dir='ltr' id='par_1_11' title="bbox 200 2844 1272 4339">
     <span class='ocr_line' id='line_1_23' title="bbox 202 2844 1270 2926; baseline -0.002 -19"><span class='ocrx_word' id='word_1_187' title='bbox 202 2856 272 2907; x_wconf 85' lang='lat' dir='ltr'><strong>sunt</strong></span> <span class='ocrx_word' id='word_1_188' title='bbox 288 2867 295 2902; x_wconf 89' lang='lat'>:</span> <span class='ocrx_word' id='word_1_189' title='bbox 314 2868 379 2926; x_wconf 84' lang='lat' dir='ltr'><strong>quae</strong></span> <span class='ocrx_word' id='word_1_190' title='bbox 394 2845 425 2906; x_wconf 90' lang='lat' dir='ltr'><strong>in</strong></span> <span class='ocrx_word' id='word_1_191' title='bbox 439 2844 640 2923; x_wconf 81' lang='lat' dir='ltr'><strong>exemplaribus</strong></span> <span class='ocrx_word' id='word_1_192' title='bbox 654 2857 734 2906; x_wconf 88' lang='lat' dir='ltr'><strong>autea</strong></span> <span class='ocrx_word' id='word_1_193' title='bbox 750 2845 893 2923; x_wconf 83' lang='lat' dir='ltr'><strong>impressis</strong></span> <span class='ocrx_word' id='word_1_194' title='bbox 910 2865 971 2906; x_wconf 90' lang='lat' dir='ltr'><strong>nou</strong></span> <span class='ocrx_word' id='word_1_195' title='bbox 984 2844 1178 2907; x_wconf 83' lang='lat' dir='ltr'><strong>inveniuntur.</strong></span> <span class='ocrx_word' id='word_1_196' title='bbox 1194 2845 1270 2920; x_wconf 83' lang='lat' dir='ltr'><strong>Quae</strong></span> 
     </span>
     <span class='ocr_line' id='line_1_24' title="bbox 202 2944 1270 3031; baseline 0 -26"><span class='ocrx_word' id='word_1_197' title='bbox 202 2946 378 3029; x_wconf 72' lang='lat' dir='ltr'><strong>siutrogts?</strong></span> <span class='ocrx_word' id='word_1_198' title='bbox 394 2950 474 3008; x_wconf 88' lang='lat' dir='ltr'><strong>luter</strong></span> <span class='ocrx_word' id='word_1_199' title='bbox 488 2947 641 3031; x_wconf 84' lang='lat' dir='ltr'><strong>legendum</strong></span> <span class='ocrx_word' id='word_1_200' title='bbox 651 2947 733 3009; x_wconf 77' lang='lat' dir='ltr'><strong>facile</strong></span> <span class='ocrx_word' id='word_1_201' title='bbox 746 2946 800 3007; x_wconf 85' lang='lat' dir='ltr'><strong>tibi</strong></span> <span class='ocrx_word' id='word_1_202' title='bbox 812 2957 973 3009; x_wconf 81' lang='lat' dir='ltr'><strong>occrureut.</strong></span> <span class='ocrx_word' id='word_1_203' title='bbox 989 2947 1024 3006; x_wconf 93' lang='lat' dir='ltr'><strong>Iu</strong></span> <span class='ocrx_word' id='word_1_204' title='bbox 1037 2945 1111 3006; x_wconf 86' lang='lat' dir='ltr'><strong>fine:</strong></span> <span class='ocrx_word' id='word_1_205' title='bbox 1128 2970 1144 3000; x_wconf 77' lang='grc' dir='ltr'><strong>α</strong></span> <span class='ocrx_word' id='word_1_206' title='bbox 1159 2944 1190 3009; x_wconf 91' lang='lat' dir='ltr'><strong>Si</strong></span> <span class='ocrx_word' id='word_1_207' title='bbox 1201 2945 1270 3027; x_wconf 88' lang='lat' dir='ltr'><strong>quid</strong></span> 
     </span>
     <span class='ocr_line' id='line_1_25' title="bbox 202 3042 1270 3126; baseline -0.001 -22"><span class='ocrx_word' id='word_1_208' title='bbox 202 3043 277 3107; x_wconf 81' lang='lat' dir='ltr'><strong>sorte</strong></span> <span class='ocrx_word' id='word_1_209' title='bbox 299 3044 443 3108; x_wconf 84' lang='lat' dir='ltr'><strong>literarum</strong></span> <span class='ocrx_word' id='word_1_210' title='bbox 465 3045 689 3126; x_wconf 85' lang='lat' dir='ltr'><strong>transpositione</strong></span> <span class='ocrx_word' id='word_1_211' title='bbox 774 3044 947 3120; x_wconf 81' lang='lat' dir='ltr'><strong>offenderis,</strong></span> <span class='ocrx_word' id='word_1_212' title='bbox 965 3043 1093 3106; x_wconf 86' lang='lat' dir='ltr'><strong>studiose</strong></span> <span class='ocrx_word' id='word_1_213' title='bbox 1112 3042 1223 3118; x_wconf 82' lang='lat' dir='ltr'><strong>lector,</strong></span> <span class='ocrx_word' id='word_1_214' title='bbox 1239 3044 1270 3104; x_wconf 91' lang='lat' dir='ltr'><strong>id</strong></span> 
     </span>
     <span class='ocr_line' id='line_1_26' title="bbox 202 3142 1272 3229; baseline 0.002 -26"><span class='ocrx_word' id='word_1_215' title='bbox 202 3142 381 3205; x_wconf 82' lang='lat' dir='ltr'><strong>librariorum</strong></span> <span class='ocrx_word' id='word_1_216' title='bbox 391 3144 500 3207; x_wconf 84' lang='lat' dir='ltr'><strong>ineurie</strong></span> <span class='ocrx_word' id='word_1_217' title='bbox 512 3145 650 3207; x_wconf 85' lang='lat' dir='ltr'><strong>adscribas</strong></span> <span class='ocrx_word' id='word_1_218' title='bbox 662 3157 747 3229; x_wconf 81' lang='lat' dir='ltr'><strong>rogat</strong></span> <span class='ocrx_word' id='word_1_219' title='bbox 757 3144 904 3228; x_wconf 82' lang='lat' dir='ltr'><strong>Georgius</strong></span> <span class='ocrx_word' id='word_1_220' title='bbox 914 3145 949 3205; x_wconf 89' lang='lat' dir='ltr'><strong>de</strong></span> <span class='ocrx_word' id='word_1_221' title='bbox 962 3142 1145 3206; x_wconf 85' lang='lat' dir='ltr'><strong>Ruscouibns</strong></span> <span class='ocrx_word' id='word_1_222' title='bbox 1161 3143 1272 3205; x_wconf 90' lang='lat' dir='ltr'><strong>Medio·</strong></span> 
     </span>
     <span class='ocr_line' id='line_1_27' title="bbox 202 3242 1269 3328; baseline 0.002 -25"><span class='ocrx_word' id='word_1_223' title='bbox 202 3243 341 3320; x_wconf 85' lang='lat' dir='ltr'><strong>lanensis,</strong></span> <span class='ocrx_word' id='word_1_224' title='bbox 359 3246 440 3328; x_wconf 85' lang='lat' dir='ltr'><strong>cujus</strong></span> <span class='ocrx_word' id='word_1_225' title='bbox 456 3244 594 3306; x_wconf 88' lang='lat' dir='ltr'><strong>industria</strong></span> <span class='ocrx_word' id='word_1_226' title='bbox 608 3244 732 3323; x_wconf 84' lang='lat' dir='ltr'><strong>Raphael</strong></span> <span class='ocrx_word' id='word_1_227' title='bbox 747 3244 856 3328; x_wconf 84' lang='lat' dir='ltr'><strong>Regius</strong></span> <span class='ocrx_word' id='word_1_228' title='bbox 871 3244 902 3303; x_wconf 93' lang='lat' dir='ltr'><strong>iu</strong></span> <span class='ocrx_word' id='word_1_229' title='bbox 913 3245 971 3305; x_wconf 85' lang='lat' dir='ltr'><strong>hoe</strong></span> <span class='ocrx_word' id='word_1_230' title='bbox 981 3265 1067 3321; x_wconf 86' lang='lat' dir='ltr'><strong>opere</strong></span> <span class='ocrx_word' id='word_1_231' title='bbox 1083 3242 1269 3306; x_wconf 85' lang='lat' dir='ltr'><strong>describendo</strong></span> 
     </span>
     <span class='ocr_line' id='line_1_28' title="bbox 202 3339 1269 3424; baseline 0.003 -24"><span class='ocrx_word' id='word_1_232' title='bbox 202 3363 270 3401; x_wconf 89' lang='lat' dir='ltr'><strong>usus</strong></span> <span class='ocrx_word' id='word_1_233' title='bbox 284 3353 336 3402; x_wconf 91' lang='lat' dir='ltr'><strong>est.</strong></span> <span class='ocrx_word' id='word_1_234' title='bbox 354 3341 530 3419; x_wconf 84' lang='lat' dir='ltr'><strong>Mediolani,</strong></span> <span class='ocrx_word' id='word_1_235' title='bbox 547 3341 689 3421; x_wconf 87' lang='lat' dir='ltr'><strong>impressit</strong></span> <span class='ocrx_word' id='word_1_236' title='bbox 704 3342 837 3424; x_wconf 78' lang='lat' dir='ltr'><strong>magister</strong></span> <span class='ocrx_word' id='word_1_237' title='bbox 856 3339 1021 3422; x_wconf 78' lang='lat' dir='ltr'><strong>Leonardus</strong></span> <span class='ocrx_word' id='word_1_238' title='bbox 1041 3340 1169 3407; x_wconf 77' lang='lat' dir='ltr'><strong>Pochel,</strong></span> <span class='ocrx_word' id='word_1_239' title='bbox 1192 3362 1269 3403; x_wconf 90' lang='lat' dir='ltr'><strong>auno</strong></span> 
     </span>
     <span class='ocr_line' id='line_1_29' title="bbox 203 3437 1268 3523; baseline 0.004 -25"><span class='ocrx_word' id='word_1_240' title='bbox 203 3439 323 3501; x_wconf 89' lang='lat' dir='ltr'><strong>Domini</strong></span> <span class='ocrx_word' id='word_1_241' title='bbox 333 3442 378 3501; x_wconf 91' lang='lat' dir='ltr'><strong>M.</strong></span> <span class='ocrx_word' id='word_1_242' title='bbox 395 3437 435 3501; x_wconf 79' lang='lat' dir='ltr'><strong>ll.</strong></span> <span class='ocrx_word' id='word_1_243' title='bbox 450 3443 491 3501; x_wconf 83' lang='lat' dir='ltr'><strong>X.</strong></span> <span class='ocrx_word' id='word_1_244' title='bbox 507 3443 553 3504; x_wconf 91' lang='lat' dir='ltr'><strong>die</strong></span> <span class='ocrx_word' id='word_1_245' title='bbox 572 3459 596 3503; x_wconf 89' lang='lat'><strong>11</strong></span> <span class='ocrx_word' id='word_1_246' title='bbox 608 3438 788 3506; x_wconf 81' lang='lat' dir='ltr'><strong>Novembris.</strong></span> <span class='ocrx_word' id='word_1_247' title='bbox 807 3466 823 3494; x_wconf 72' lang='lat' dir='ltr'><strong>a</strong></span> <span class='ocrx_word' id='word_1_248' title='bbox 839 3440 941 3500; x_wconf 81' lang='lat' dir='ltr'><strong>in-Iol</strong></span> <span class='ocrx_word' id='word_1_249' title='bbox 958 3462 1022 3501; x_wconf 85' lang='lat' dir='ltr'><strong>eum</strong></span> <span class='ocrx_word' id='word_1_250' title='bbox 1038 3441 1268 3523; x_wconf 83' lang='lat' dir='ltr'><strong>fig.-Paurer‚</strong></span> 
     </span>
     <span class='ocr_line' id='line_1_30' title="bbox 202 3539 1195 3626; baseline 0.008 -29"><span class='ocrx_word' id='word_1_251' title='bbox 202 3550 274 3598; x_wconf 84' lang='lat' dir='ltr'><strong>tom.</strong></span> <span class='ocrx_word' id='word_1_252' title='bbox 288 3541 371 3617; x_wconf 77' lang='lat' dir='ltr'><strong>vll,</strong></span> <span class='ocrx_word' id='word_1_253' title='bbox 386 3564 449 3626; x_wconf 82' lang='lat' dir='ltr'><strong>pag·</strong></span> <span class='ocrx_word' id='word_1_254' title='bbox 465 3539 535 3605; x_wconf 84' lang='lat'><strong>388·</strong></span> <span class='ocrx_word' id='word_1_255' title='bbox 1189 3551 1195 3566; x_wconf 94' lang='lat'><em>&#39;</em></span> 
     </span>
     <span class='ocr_line' id='line_1_31' title="bbox 240 3646 1272 3733; baseline 0.003 -26"><span class='ocrx_word' id='word_1_256' title='bbox 240 3647 513 3732; x_wconf 88' lang='lat' dir='ltr'><strong>Metamorphoseou</strong></span> <span class='ocrx_word' id='word_1_257' title='bbox 521 3649 587 3713; x_wconf 86' lang='lat' dir='ltr'><strong>libri</strong></span> <span class='ocrx_word' id='word_1_258' title='bbox 594 3647 1031 3733; x_wconf 83' lang='lat' dir='ltr'><strong>morabrati,oumpuloherrimis</strong></span> <span class='ocrx_word' id='word_1_259' title='bbox 1039 3646 1192 3708; x_wconf 80' lang='lat' dir='ltr'><strong>fabularum</strong></span> <span class='ocrx_word' id='word_1_260' title='bbox 1199 3670 1272 3724; x_wconf 71' lang='lat' dir='ltr'><strong>prae·</strong></span> 
     </span>
     <span class='ocr_line' id='line_1_32' title="bbox 203 3743 1270 3832; baseline -0.002 -25"><span class='ocrx_word' id='word_1_261' title='bbox 203 3743 349 3822; x_wconf 84' lang='lat' dir='ltr'><strong>cipuarum</strong></span> <span class='ocrx_word' id='word_1_262' title='bbox 362 3746 480 3831; x_wconf 78' lang='lat' dir='ltr'><strong>figuris,</strong></span> <span class='ocrx_word' id='word_1_263' title='bbox 499 3761 555 3811; x_wconf 88' lang='lat' dir='ltr'><strong>etc.</strong></span> <span class='ocrx_word' id='word_1_264' title='bbox 571 3770 624 3810; x_wconf 88' lang='lat' dir='ltr'><strong>nec</strong></span> <span class='ocrx_word' id='word_1_265' title='bbox 644 3771 705 3813; x_wconf 91' lang='lat' dir='ltr'><strong>uon</strong></span> <span class='ocrx_word' id='word_1_266' title='bbox 721 3761 751 3810; x_wconf 90' lang='lat' dir='ltr'><strong>et</strong></span> <span class='ocrx_word' id='word_1_267' title='bbox 767 3747 949 3832; x_wconf 83' lang='lat' dir='ltr'><strong>tropologica</strong></span> <span class='ocrx_word' id='word_1_268' title='bbox 964 3746 1118 3808; x_wconf 78' lang='lat' dir='ltr'><strong>tabularum</strong></span> <span class='ocrx_word' id='word_1_269' title='bbox 1137 3746 1270 3808; x_wconf 84' lang='lat' dir='ltr'><strong>novella-</strong></span> 
     </span>
     <span class='ocr_line' id='line_1_33' title="bbox 204 3848 1269 3932; baseline 0.001 -26"><span class='ocrx_word' id='word_1_270' title='bbox 204 3867 268 3906; x_wconf 89' lang='lat' dir='ltr'><strong>rum</strong></span> <span class='ocrx_word' id='word_1_271' title='bbox 279 3848 456 3910; x_wconf 82' lang='lat' dir='ltr'><strong>enarratione</strong></span> <span class='ocrx_word' id='word_1_272' title='bbox 466 3870 518 3928; x_wconf 86' lang='lat' dir='ltr'><strong>per</strong></span> <span class='ocrx_word' id='word_1_273' title='bbox 532 3850 570 3909; x_wconf 85' lang='lat' dir='ltr'><strong>R.</strong></span> <span class='ocrx_word' id='word_1_274' title='bbox 584 3851 618 3909; x_wconf 92' lang='lat' dir='ltr'><strong>P.</strong></span> <span class='ocrx_word' id='word_1_275' title='bbox 629 3852 671 3911; x_wconf 93' lang='lat' dir='ltr'><strong>M.</strong></span> <span class='ocrx_word' id='word_1_276' title='bbox 688 3852 806 3911; x_wconf 87' lang='lat' dir='ltr'><strong>Petrum</strong></span> <span class='ocrx_word' id='word_1_277' title='bbox 815 3848 966 3912; x_wconf 85' lang='lat' dir='ltr'><strong>Lavinium</strong></span> <span class='ocrx_word' id='word_1_278' title='bbox 982 3848 1101 3932; x_wconf 85' lang='lat' dir='ltr'><strong>adjecta.</strong></span> <span class='ocrx_word' id='word_1_279' title='bbox 1124 3848 1269 3927; x_wconf 73' lang='lat' dir='ltr'><strong>Lugduni,</strong></span> 
     </span>
     <span class='ocr_line' id='line_1_34' title="bbox 201 3943 1251 4031; baseline -0.001 -26"><span class='ocrx_word' id='word_1_280' title='bbox 201 3945 280 4024; x_wconf 75' lang='lat' dir='ltr'><strong>opud</strong></span> <span class='ocrx_word' id='word_1_281' title='bbox 290 3947 465 4028; x_wconf 73' lang='lat' dir='ltr'><strong>Stephanum</strong></span> <span class='ocrx_word' id='word_1_282' title='bbox 478 3947 641 4027; x_wconf 80' lang='lat' dir='ltr'><strong>Gueynord.</strong></span> <span class='ocrx_word' id='word_1_283' title='bbox 655 3950 701 4010; x_wconf 85' lang='lat' dir='ltr'><strong>M·</strong></span> <span class='ocrx_word' id='word_1_284' title='bbox 718 3948 764 4010; x_wconf 89' lang='lat' dir='ltr'><strong>D.</strong></span> <span class='ocrx_word' id='word_1_285' title='bbox 778 3950 818 4011; x_wconf 89' lang='grc' dir='ltr'><strong>Χ.</strong></span> <span class='ocrx_word' id='word_1_286' title='bbox 830 3981 871 3996; x_wconf 89' lang='grc'>-</span> <span class='ocrx_word' id='word_1_287' title='bbox 882 3949 1035 4024; x_wconf 80' lang='lat' dir='ltr'><strong>Paurer‚t.</strong></span> <span class='ocrx_word' id='word_1_288' title='bbox 1050 3946 1125 4022; x_wconf 82' lang='lat' dir='ltr'><strong>vll,</strong></span> <span class='ocrx_word' id='word_1_289' title='bbox 1138 3969 1167 4026; x_wconf 92' lang='lat' dir='ltr'><strong>p.</strong></span> <span class='ocrx_word' id='word_1_290' title='bbox 1181 3943 1251 4031; x_wconf 81' lang='lat'><strong>293.</strong></span> 
     </span>
     <span class='ocr_line' id='line_1_35' title="bbox 241 4050 1271 4138; baseline 0.002 -28"><span class='ocrx_word' id='word_1_291' title='bbox 241 4052 392 4113; x_wconf 85' lang='lat' dir='ltr'><strong>Fastorum</strong></span> <span class='ocrx_word' id='word_1_292' title='bbox 401 4050 466 4113; x_wconf 86' lang='lat' dir='ltr'><strong>libri</strong></span> <span class='ocrx_word' id='word_1_293' title='bbox 477 4052 608 4135; x_wconf 83' lang='lat' dir='ltr'><strong>diligenti</strong></span> <span class='ocrx_word' id='word_1_294' title='bbox 615 4052 812 4115; x_wconf 87' lang='lat' dir='ltr'><strong>emendatione</strong></span> <span class='ocrx_word' id='word_1_295' title='bbox 826 4054 901 4138; x_wconf 76' lang='lat' dir='ltr'><strong>typis</strong></span> <span class='ocrx_word' id='word_1_296' title='bbox 912 4054 1052 4132; x_wconf 77' lang='lat' dir='ltr'><strong>impressi,</strong></span> <span class='ocrx_word' id='word_1_297' title='bbox 1064 4053 1271 4133; x_wconf 84' lang='lat' dir='ltr'><strong>aptissimisque</strong></span> 
     </span>
     <span class='ocr_line' id='line_1_36' title="bbox 200 4149 1270 4235; baseline 0.003 -22"><span class='ocrx_word' id='word_1_298' title='bbox 200 4149 297 4235; x_wconf 80' lang='lat' dir='ltr'><strong>figuris</strong></span> <span class='ocrx_word' id='word_1_299' title='bbox 311 4154 428 4228; x_wconf 85' lang='lat' dir='ltr'><strong>ornati,</strong></span> <span class='ocrx_word' id='word_1_300' title='bbox 446 4153 716 4218; x_wconf 84' lang='lat' dir='ltr'><strong>commentatoribus</strong></span> <span class='ocrx_word' id='word_1_301' title='bbox 727 4154 801 4216; x_wconf 72' lang='lat' dir='ltr'><strong>Aut.</strong></span> <span class='ocrx_word' id='word_1_302' title='bbox 812 4155 1006 4218; x_wconf 86' lang='lat' dir='ltr'><strong>Constantino</strong></span> <span class='ocrx_word' id='word_1_303' title='bbox 1024 4153 1145 4217; x_wconf 81' lang='lat' dir='ltr'><strong>Faueusi</strong></span> <span class='ocrx_word' id='word_1_304' title='bbox 1159 4198 1168 4230; x_wconf 81' lang='lat'>,</span> <span class='ocrx_word' id='word_1_305' title='bbox 1181 4154 1270 4216; x_wconf 90' lang='lat' dir='ltr'><strong>Paulo</strong></span> 
     </span>
     <span class='ocr_line' id='line_1_37' title="bbox 202 4255 1272 4339; baseline 0.001 -24"><span class='ocrx_word' id='word_1_306' title='bbox 202 4255 298 4318; x_wconf 87' lang='lat' dir='ltr'><strong>Marso</strong></span> <span class='ocrx_word' id='word_1_307' title='bbox 314 4256 457 4320; x_wconf 83' lang='lat' dir='ltr'><strong>Pisciuate</strong></span> <span class='ocrx_word' id='word_1_308' title='bbox 471 4301 481 4334; x_wconf 89' lang='lat'>‚</span> <span class='ocrx_word' id='word_1_309' title='bbox 498 4257 567 4321; x_wconf 77' lang='lat' dir='ltr'><strong>viris</strong></span> <span class='ocrx_word' id='word_1_310' title='bbox 579 4255 755 4332; x_wconf 78' lang='lat' dir='ltr'><strong>clarissimis,</strong></span> <span class='ocrx_word' id='word_1_311' title='bbox 772 4257 874 4321; x_wconf 89' lang='lat' dir='ltr'><strong>additis</strong></span> <span class='ocrx_word' id='word_1_312' title='bbox 886 4258 1052 4339; x_wconf 80' lang='lat' dir='ltr'><strong>quibusdam</strong></span> <span class='ocrx_word' id='word_1_313' title='bbox 1062 4257 1188 4324; x_wconf 82' lang='lat' dir='ltr'><strong>versibus</strong></span> <span class='ocrx_word' id='word_1_314' title='bbox 1200 4300 1209 4331; x_wconf 83' lang='lat'>‚</span> <span class='ocrx_word' id='word_1_315' title='bbox 1222 4257 1272 4339; x_wconf 87' lang='lat' dir='ltr'><strong>qui</strong></span> 
     </span>
    </p>
   </div>
   <div class='ocr_carea' id='block_1_9' title="bbox 0 0 1584 5134">
    <p class='ocr_par' dir='ltr' id='par_1_12' title="bbox 0 0 1584 5134">
     <span class='ocr_line' id='line_1_38' title="bbox 0 0 1584 5134; baseline 0 3"><span class='ocrx_word' id='word_1_316' title='bbox 0 0 1584 5134; x_wconf 95' lang='lat' dir='ltr'><strong> </strong></span> 
     </span>
    </p>
   </div>
  </div>
 </body>
</html>
