3159 5134
387 535 448 599 106
712 539 750 600 P.
778 536 958 605 0V1D11
983 535 1123 602 VITA

378 692 413 748 et
425 692 522 768 togas
534 672 644 746 viriles
655 673 784 761 ,luisse
799 675 906 762 albas,
916 683 966 750 'ea
980 674 1114 777 quidem
1131 674 1333 772 Quintiliani
1349 693 1382 749 et
1394 677 1455 750 Ci-

379 789 510 864 ceronis
527 787 618 877 luca,
638 790 762 890 quibus
782 791 955 866 Manutius
970 793 1082 866 minua
1100 790 1243 879 fidebat,
1260 791 1302 865 ad
1318 820 1456 871 examen

378 925 525 995 revocat,
543 923 626 980 ntea
640 904 690 979 illi
703 906 823 1008 eripiat
838 918 863 980 ¹.
878 908 943 982 sed
955 909 1068 984 deboc
1076 909 1220 984 Nasonis
1228 908 1303 984 lueu
1315 939 1456 1013 prorsus

380 1019 465 1094 silet.
495 1019 666 1109 Addamus
682 1020 803 1116 igitur,
827 1021 906 1095 bine
919 1052 988 1096 nun
1005 1024 1112 1121 magis
1128 1023 1288 1125 probari,
1306 1025 1455 1099 tunicam
1564 1121 1570 1130 ν

380 1132 575 1209 laticlaviam
592 1136 728 1208 omniun
740 1155 930 1236 purpuream
947 1137 1071 1226 finisse,
1090 1165 1190 1238 quam
1206 1138 1312 1213 evinci
1332 1165 1453 1239 posue,

378 1266 481 1350 tapam
490 1251 637 1350 puerilem
654 1251 800 1351 ejusdem
820 1281 953 1354 quaque
972 1251 1095 1330 coloris
1110 1252 1233 1340 fuisse,
1250 1281 1290 1328 ex
1306 1280 1347 1327 en
1361 1253 1454 1354 quud

378 1398 463 1471 dupe
478 1370 547 1444 bac
563 1371 672 1471 puetis
684 1399 825 1471 purpura
840 1371 971 1444 dieitur.
1001 1371 1176 1446 Manutius
1193 1365 1266 1474 ipse
1281 1399 1359 1446 cum
1378 1371 1455 1447 aliis

379 1503 509 1572 censet,
528 1503 639 1580 togam
656 1486 742 1559 banc
752 1542 761 1573 ,
772 1503 959 1587 pratariam
973 1487 1098 1589 passim
1115 1487 1255 1575 dictam,
1272 1486 1358 1564 nibil
1371 1515 1455 1588 pur-

379 1629 519 1703 pureum
544 1600 699 1675 babuisse
716 1619 834 1701 praeter
860 1601 1019 1691 limbum,
1041 1603 1099 1705 qui
1125 1621 1248 1677 vestem
1275 1621 1454 1678 extremam

377 1714 562 1801 ambiebat,
577 1714 665 1788 nude
676 1730 843 1814 praetexta
854 1743 986 1790 numen.
1002 1717 1206 1814 Quinetiam
1215 1715 1357 1818 prolatis
1373 1714 1454 1817 plu-

376 1835 471 1907 ribus
489 1851 528 1908 ut
542 1834 576 1908 id
594 1833 750 1935 probaret
767 1833 872 1921 loeis,
889 1835 1110 1934 objectionem
1128 1835 1252 1910 exalia
1268 1834 1367 1909 Statii
1386 1852 1453 1909 tes-

379 1950 541 2039 timonio,
564 1950 642 2023 buia
664 1950 832 2025 ovidiana
859 1952 1038 2052 persimili,
1061 1952 1198 2054 petitam
1222 1951 1269 2026 uie
1295 1949 1396 2025 nulrit
1412 1960 1452 2025 ²:

381 2103 398 2131 «
419 2070 504 2141 Nam
520 2066 548 2140 si
566 2067 662 2168 quis,
689 2095 794 2168 quum
822 2067 942 2164 legerit
957 2094 1088 2143 versum
1104 2068 1201 2144 Statii
1218 2067 1307 2169 Sylv.
1323 2067 1384 2142 lib.
1403 2071 1450 2154 V,

380 2216 398 2246 a
419 2185 521 2282 (Car.
540 2204 587 2272 11,
609 2212 692 2260 vers.
711 2184 756 2286 67
770 2188 809 2279 ):

539 2326 596 2378 Nec
606 2324 701 2379 'saltem
712 2327 811 2381 teneris
820 2337 923 2382 ostrum
934 2327 1034 2398 puerile
1046 2326 1148 2381 laoertia

542 2415 622 2470 Exuit
633 2435 639 2468 ε

383 2563 399 2594 u
420 2546 548 2602 nstrum
575 2527 662 2602 dicat
689 2556 751 2630 pro
775 2546 845 2604 tuta
869 2557 1019 2630 purpura
1044 2544 1202 2629 pretenta
1227 2533 1451 2627 us'urpatum3

380 2680 398 2712 »
417 2645 692 2746 respondebitur,
707 2664 819 2743 togam
835 2647 969 2749 quidem
984 2644 1160 2747 puerilem,
1174 2644 1293 2734 idest,
1307 2663 1450 2746 praetex-

381 2797 399 2830 »
421 2783 486 2839 tam
511 2764 670 2854 indicari,
690 2766 785 2865 cujus
807 2767 841 2840 in
868 2764 973 2840 limbo
995 2781 1126 2850 astrum,
1155 2762 1191 2836 id
1215 2780 1452 2866 ut,pu1pura

380 2919 396 2947 »
417 2884 630 2973 cernebatur,
648 2914 719 2958 nun
737 2902 845 2958 tamen
860 2885 925 2958 bue
944 2883 1027 2972 dici,
1046 2900 1148 2957 tutam
1164 2900 1357 2984 pretextam
1370 2912 1451 2985 pur-

382 3034 398 3064 »
418 3028 555 3101 puream
571 3001 683 3076 luisse.
702 3036 719 3066 »

427 3114 520 3189 Idem
537 3115 578 3189 de
593 3115 746 3191 Juvenali
770 3114 954 3216 Persiuque
979 3113 1179 3201 dicendum,
1207 3112 1265 3214 qui
1276 3140 1451 3213 purpuram

379 3261 441 3335 pra
458 3251 614 3334 praetexta
629 3248 849 3333 usurpandum
864 3228 920 3305 ille
937 3232 1004 3306 Sat.
1021 3252 1064 3317 x,
1084 3253 1167 3304 vers.
1191 3226 1282 3321 154:

558 3372 672 3442 Ingenui
685 3370 771 3425 vultus
779 3389 854 3439 puer,
867 3369 1029 3441 ingenuique
1040 3366 1163 3438 pudoris,

559 3463 659 3533 Quales
670 3481 725 3518 ease
738 3462 829 3530 decet,
842 3480 907 3532 qum
919 3460 1014 3516 ardena
1021 3479 1132 3528 purpura
1144 3459 1228 3514 vestit

381 3580 531 3668 Persius,
551 3581 617 3654 Sat.
633 3599 668 3669 V,
684 3609 767 3655 vers.
788 3579 858 3652 30:

562 3720 657 3789 Quum
669 3721 785 3791 primum
796 3720 890 3790 pavido
900 3729 985 3774 cuatus
995 3717 1060 3772 mibi
1068 3735 1179 3785 purpura
1188 3715 1271 3771 cessit

381 3840 489 3934 Igitur
514 3868 617 3940 quum
630 3867 772 3940 purpura
789 3837 985 3940 simpliciter
1008 3853 1146 3912 vocetur
1168 3852 1245 3930 tuga
1270 3845 1452 3933 praetexta,

382 3985 455 4058 quae
468 3957 503 4030 in
517 3974 661 4031 extrema
674 3971 802 4030 tantum
816 3982 874 4029 ura
888 3979 1070 4058 purpuram
1081 3967 1289 4056 praetextam,
1302 3947 1370 4023 sive
1384 3947 1452 4021 cir·

381 4070 753 4158 eumtextambabere13
772 4069 890 4170 quidni
915 4068 1063 4171 potnerit
1073 4095 1215 4169 purpura
1233 4091 1368 4168 quoque
1385 4059 1452 4135 dici

414 4242 423 4270 ¹
441 4236 484 4290 De
498 4237 538 4291 Re
551 4236 685 4304 vestiaria,
698 4235 741 4291 tib,
754 4236 814 4300 Ill,
829 4254 884 4305 cap.
902 4253 940 4289 ιο.

413 4324 425 4354 ²
443 4323 532 4392 Quu-
546 4341 594 4392 per
607 4321 689 4392 Epist.
699 4321 742 4375 lib.
755 4319 799 4388 ll,
811 4339 865 4390 cap.
879 4341 899 4374 ι.
