3159 5134
382 559 424 643 ia
666 564 705 626 P.
740 562 917 630 OVIDII
943 563 1172 634 NASONIS

382 703 496 800 thue
511 727 627 801 parum
645 698 758 776 stabili
776 702 836 802 qui
853 705 996 778 carmine
1012 704 1097 780 lesit
1110 709 1279 797 Athenas,
1400 737 1453 788 525

430 815 562 890 Invisus
577 842 691 916 pereas
709 815 881 892 deficiente
897 818 976 893 cibo
992 849 1000 894 :

383 937 470 1006 Utve
487 932 564 1034 lyra
578 950 668 1007 vates
685 933 791 1008 lertnr
807 934 945 1035 periisse
962 964 1101 1027 severae,

432 1053 538 1126 Caum
554 1051 599 1124 sit
613 1052 706 1126 exitii
723 1053 856 1127 dextera
872 1052 948 1128 lassa
965 1054 1038 1127 tui:

381 1168 495 1267 thue
512 1166 777 1261 Agamemnonio
794 1165 914 1241 vulnus
934 1167 1026 1242 dedit
1042 1170 1161 1265 anguis
1178 1172 1326 1261 Oresta,

430 1283 484 1355 Tu
503 1311 636 1383 quoque
654 1283 695 1358 de
712 1313 827 1359 morsu
843 1284 933 1359 virus
948 1286 1092 1361 habente
1109 1288 1216 1363 cadus.
1402 1311 1454 1365 530

382 1399 435 1472 Sit
452 1400 514 1473 tihi
531 1402 676 1501 conjugii
690 1431 756 1476 nor
775 1403 882 1503 prima
898 1404 1077 1480 novissima
1095 1406 1188 1495 vitae;

430 1517 572 1619 Eupolis
589 1519 655 1592 hoe
672 1518 788 1618 periit,
807 1534 841 1593 et
856 1549 940 1594 nora
951 1540 1077 1623 nupta,
1093 1523 1204 1597 modo.

383 1636 496 1735 thue
514 1635 751 1710 cothurnatum
767 1636 924 1712 cecidisse
940 1639 1162 1738 Lycophrona
1177 1656 1335 1725 narrant,

431 1751 562 1824 Haereat
575 1750 611 1824 in
627 1750 721 1825 libris
737 1750 802 1825 lixa
819 1752 939 1849 sagitta
956 1752 1033 1827 tuis.
1417 1758 1419 1764 ’

383 1865 454 1936 Aut
469 1862 554 1937 lacer
570 1864 606 1936 in
623 1862 703 1939 silva
717 1865 873 1940 manibus
887 1895 1042 1968 spargare
1060 1884 1214 1953 tuorum,
1403 1887 1456 1939 535

431 1977 573 2078 Sparsus
589 1995 628 2052 ut
643 1996 695 2056 cst
710 1979 836 2054 Thebis
854 2008 961 2077 angue
975 1999 1105 2056 creatus
1120 2011 1191 2056 avo.

381 2142 556 2197 verecundam
570 2164 599 2197 ac
610 2145 733 2213 pudicam
748 2145 889 2200 lectionem
937 2149 999 2218 [γῆν
1011 2156 1092 2199 autes.
1110 2145 1153 2198 De
1163 2142 1315 2199 stesichoro
1327 2141 1395 2197 sorte
1406 2143 1454 2197 lo-

382 2221 582 2274 arbitrahantur.
592 2222 634 2275 De
645 2235 732 2277 morte
741 2224 890 2279 Archilochi
941 2226 1046 2294 quitur,
1066 2225 1098 2280 de
1112 2245 1166 2296 quo
1178 2224 1323 2291 Horatius,
1343 2223 1388 2277 tib.
1400 2223 1452 2289 lv,

383 2306 487 2364 autern,
504 2309 532 2351 et
550 2298 583 2352 de
603 2297 722 2352 Calonda
739 2320 890 2369 percussore
940 2304 996 2360 Od.
1004 2321 1086 2371 11,vs.
1094 2308 1118 2372 8,
1125 2306 1397 2373 Stesrtdon'queqmees
1405 2321 1454 2354 ca-

383 2375 441 2442 elus
455 2374 535 2428 tradit
547 2375 649 2430 Suidas.
940 2406 1035 2438 moue.
1049 2384 1182 2439 Credibile
1200 2385 1272 2438 enirn
1290 2393 1329 2436 est
1348 2393 1454 2452 poetam

417 2457 474 2507 525.
490 2456 570 2523 thue
579 2476 669 2523 parum
682 2461 774 2510 stabili
781 2469 830 2512 etc.
843 2459 893 2511 Al·
942 2462 1060 2530 junxisse
1068 2473 1121 2515 tres
1129 2460 1329 2531 iamhographos
1337 2459 1455 2513 eosdenr

381 2535 481 2601 cintus,
494 2536 601 2606 Parerg.
614 2537 658 2591 lib.
674 2537 716 2605 V,
728 2557 784 2609 cap.
802 2541 848 2604 rt,
866 2550 893 2591 et
941 2560 993 2611 que
1006 2540 1161 2594 maledicos:
1175 2538 1378 2604 Archilochum,
1388 2536 1453 2607 Hip·

384 2613 503 2668 l'urneh.
516 2615 625 2669 Advers.
642 2616 685 2671 lib.
701 2619 740 2672 tx
751 2658 759 2684 ,
778 2637 832 2687 cap.
845 2625 891 2685 25,
941 2630 1083 2688 ponactenr
1093 2630 1121 2672 et
1131 2617 1321 2672 Stesichorum.
1333 2616 1438 2670 Sauen-

382 2691 498 2744 Atieuin
510 2689 651 2761 legendum
662 2694 801 2760 adserunt,
821 2694 893 2747 etde
976 2701 1032 2768 ⁵²9·
1047 2699 1130 2764 [Itque
1141 2698 1342 2764 Apamam
1355 2697 1456 2746 auleas.

386 2768 552 2838 Hipponacte
565 2770 782 2842 intelligendum:
793 2772 895 2825 «Vide-
945 2774 1071 2839 Orestes,
1087 2774 1183 2841 utiam
1197 2772 1321 2825 omnibus
1337 2781 1454 2837 constat,

287 2895 290 2899 ,
385 2857 429 2899 tur
440 2848 531 2916 enim,
547 2854 599 2911 ait,
621 2848 654 2903 de
670 2851 836 2920 Hipponacte
851 2850 896 2902 in·
943 2853 1081 2907 interiecta
1092 2862 1192 2916 matre,
1209 2850 1301 2903 lurore
1318 2859 1454 2918 correptus

385 2926 485 2997 tettigi,
508 2928 553 2997 qui
572 2927 733 2984 claudicante
754 2941 782 2985 et
801 2946 895 3001 parum
941 2929 1011 2993 luit3
1021 2929 1085 2983 inde
1100 2929 1332 2997 liberatus,quurn
1342 2947 1390 2997 per
1400 2928 1456 3000 syl-

386 3004 469 3057 stabili
481 3025 558 3060 versu
571 3045 579 3072 ,
601 3005 628 3059 id
645 3019 684 3061 est
697 3047 704 3073 ,
726 3008 853 3062 scazonte
867 3010 895 3062 in
944 3028 1004 3062 vam
1016 3009 1081 3075 iret,
1094 3027 1108 3061 a
1120 3017 1242 3076 serpente
1255 3007 1354 3060 occisus
1365 3016 1412 3059 est
1424 3006 1455 3059 Z.

385 3083 516 3154 Bupalum
538 3096 564 3139 et
582 3085 701 3140 Athenin
720 3087 839 3142 invectus
857 3099 896 3142 est
944 3090 1076 3141 -Ooesuz
1091 3089 1186 3139 Oreste
1203 3103 1264 3138 cum
1282 3102 1337 3136 uno
1355 3081 1455 3137 Medic.

388 3163 581 3218 Athenienses:
596 3184 648 3233 quo
664 3165 692 3218 in
711 3166 845 3233 carmine,
861 3187 896 3220 ne
944 3166 996 3221 dixi
1010 3167 1092 3236 Epist.
1106 3166 1192 3230 Vlll,
1205 3184 1241 3216 vs.
1252 3183 1277 3235 p

387 3243 500 3297 Athenis
511 3243 619 3313 quidem
636 3255 806 3314 pepercerat,
820 3256 868 3300 etc.
882 3267 897 3293 »
978 3247 1035 3301 531.
1047 3247 1088 3300 sa
1099 3249 1154 3301 titt.
1171 3245 1295 3314 Eupolis,
1309 3245 1405 3298 veteris
1414 3263 1456 3297 eo·

281 3360 284 3365 ,
388 3320 526 3375 Sacranae
945 3324 1166 3394 modioeseriptor
1174 3322 1242 3393 apud
1249 3321 1457 3390 Graecos‚ducta

421 3405 478 3472 5²7·
498 3404 581 3471 thue
592 3408 653 3475 tyre
664 3415 745 3460 vates.
763 3404 895 3469 Alcaeum,
945 3421 1026 3455 uxore
1036 3401 1176 3476 Glycerio,
1190 3401 1276 3471 prima
1290 3410 1369 3453 nocte
1382 3417 1459 3452 mor-

386 3489 492 3547 poetam
503 3480 615 3552 lyricum
625 3482 756 3552 intelligo,
767 3483 813 3553 qui
823 3502 899 3536 rnor-
945 3489 1006 3533 tuus
1016 3478 1140 3534 inventus
1149 3488 1188 3532 est
1195 3496 1250 3531 nna
1258 3496 1319 3531 cunr
1329 3476 1423 3546 puella

388 3556 529 3613 durissimis
547 3561 663 3614 versibus
676 3561 810 3615 Pittacum
829 3578 898 3630 pras·
981 3558 1036 3612 533.
1043 3560 1333 3612 hainaucensem
1340 3557 1456 3626 scriptis,

387 3639 479 3707 cipue,
498 3638 658 3711 Myrsilum,
679 3639 898 3713 Megalagyrum,
947 3655 1010 3690 nam
1017 3642 1275 3706 persi'tpraecesserat.
1285 3637 1385 3689 Heme

389 3714 586 3782 Cleanaetidas,
600 3716 714 3785 aliosque
727 3715 897 3789 tyrannidem
982 3718 1038 3783 534.
1044 3716 1217 3788 Lycophrona.
1225 3714 1404 3784 Hieqnunrde
1413 3733 1460 3767 an-

387 3793 415 3845 io
428 3794 511 3861 patria
520 3806 684 3861 exercentes,
695 3795 837 3849 insectatus
846 3806 897 3862 est,
947 3797 1083 3866 tiquorum
1095 3806 1233 3865 poetarum
1242 3794 1388 3864 principatu
1399 3812 1461 3846 ατ-

389 3881 454 3926 testo
466 3866 607 3939 Strabone,
617 3871 659 3927 lib.
670 3873 756 3938 Xlll,
769 3893 828 3942 pag.
836 3876 899 3940 424,
948 3885 1030 3941 taret,
1043 3874 1134 3944 sagitta
1144 3875 1175 3928 ab
1187 3874 1336 3929 adversario
1344 3872 1410 3926 ictus
1417 3892 1460 3926 oc-

389 3948 451 4003 cdit.
460 3948 573 4005 Casauh.
584 3951 679 4003 Horat.
687 3950 730 4004 lib.
738 3951 788 4016 lV,
797 3949 899 4014 Odux,
948 3952 1026 4019 cidit,
1040 3964 1070 4006 ut
1081 3953 1124 4008 hic
1135 3952 1171 4007 ait
1182 3952 1264 4008 Ouid.

388 4046 453 4080 vers.
466 4048 489 4096 7.
501 4028 554 4082 Per
562 4033 649 4082 lesam
660 4032 787 4093 dextram,
802 4026 885 4081 tidem
892 4065 900 4092 ,
982 4032 1038 4087 535.
1056 4033 1113 4084 Aut
1127 4035 1203 4084 Iacer.
1222 4028 1371 4096 Pentheus,
1383 4048 1398 4080 a
1409 4027 1460 4080 lu·

388 4126 466 4176 quam
486 4107 589 4163 Pittaco
608 4108 782 4163 verisimiliter
799 4108 899 4161 Alcaeus
949 4121 1025 4165 rente
1044 4121 1128 4165 matre
1147 4111 1309 4180 discerptus,
1330 4126 1429 4162 nornen
1444 4127 1460 4160 a

390 4184 587 4253 obstrinxerat,
612 4186 735 4241 violatam
760 4187 899 4257 intelligo;
949 4191 1021 4245 luctu
1032 4201 1070 4244 est
1081 4190 1196 4244 sortitus.
1206 4189 1283 4241 Dum.

389 4286 452 4318 nam
463 4267 492 4319 in
503 4265 556 4319 lide
567 4266 768 4335 adstringendis,
783 4265 913 4321 dexteras,
983 4269 1039 4321 536.
1051 4269 1109 4321 Aeo
1115 4286 1203 4335 angue.
1212 4263 1348 4319 Cadmum
1356 4262 1420 4316 dicit
1428 4262 1458 4315 in

388 4347 500 4415 jungere
510 4344 637 4401 solebant.
649 4345 769 4407 Surae.
779 4374 812 4388 ··-
823 4347 904 4415 [Itque
950 4365 1064 4416 anguem
1076 4363 1190 4400 versum.
1200 4346 1269 4397 ZAn.
