3159 5134
436 477 500 543 nr
525 474 906 543 rnnrmronns.
1137 482 1202 574 287

138 616 473 704 messeanam
491 614 527 689 id
544 632 652 690 totum
677 614 790 692 Ovidii
813 643 941 691 carmen
957 616 1204 718 persolutasse3

140 733 330 823 edidicisse,
344 735 379 807 in
392 732 498 807 libros
508 759 596 808 »suos
609 732 832 821 transtulisse3
846 762 913 829 ego
920 733 1015 808 vobis
1031 736 1206 812 concedam

138 876 191 921 me
207 846 317 920 nihilo
334 846 410 949 plus
427 873 542 947 sapere
554 848 786 949 quambetnm.
808 848 1004 923 Sinonerit
1016 850 1135 939 otium,
1149 868 1208 926 aut

140 963 274 1066 pigebit
286 961 479 1064 perlegere‚.
494 962 594 1037 istum
619 961 766 1038 laborem
790 964 1098 1053 wholesome
1121 968 1208 1042 inter

140 1078 370 1180 explicandum
386 1076 579 1175 singillatim
595 1078 752 1155 indicabo
770 1079 852 1181 qnid
876 1109 914 1155 ex
938 1081 1059 1156 Ovidio
1085 1081 1208 1166 Seneca

141 1195 334 1296 sumpserit,
348 1195 429 1295 qnid
443 1195 664 1296 subripuerit:
678 1224 777 1298 quam
788 1214 896 1270 astute
906 1195 1122 1274 dissimularit
1133 1222 1208 1275 mu'-

142 1327 255 1397 tuum,
278 1327 311 1383 ct
328 1338 434 1410 quam.
449 1309 567 1385 callide
588 1312 799 1385 commutatis
822 1311 953 1400 verbis,
977 1337 1037 1385 ceu
1054 1314 1159 1410 signis
1176 1335 1209 1391 et
1273 1383 1277 1390 .
1326 1376 1335 1392 .

140 1430 232 1504 notis
249 1427 504 1516 sententiarum,
521 1427 647 1536 lurtum
665 1457 763 1502 suum
781 1426 964 1501 occultarit.
983 1429 1212 1531 Interpellabit

143 1544 198 1618 bic
215 1543 359 1644 aliquis,
377 1561 445 1618 eta
461 1572 515 1619 me
528 1544 698 1618 'Ovidium
712 1544 799 1618 dicet
810 1542 898 1618 'lulso
911 1542 1091 1619 alienarum
1106 1546 1212 1621 virtu·

144 1677 213 1738 tum
231 1660 399 1760 prnomo
420 1660 671 1748 commendam
694 1661 851 1762 quonism
877 1659 997 1734 eruditi
1020 1660 1082 1733 viri
1105 1689 1213 1763 nuper

144 1777 222 1854 buis
238 1780 380 1852 carmini·
392 1780 431 1854 C.
451 1777 598 1854 Pedonis
606 1779 814 1854 ¹Alltinonani
827 1803 949 1853 nomeu
961 1779 1210 1881 inscripserunt.

145 1897 277 1983 Fateor,
285 1913 322 1968 et
332 1893 426 1969 valde
435 1922 508 1969 snm
518 1893 716 1982 admiratum
729 1923 789 1970 nee
804 1894 911 1969 adbuc
922 1894 1106 1992 intelligere
1118 1898 1214 1997 potui

147 2038 206 2083 eur
219 2009 261 2084 id
275 2008 426 2083 feceriut,
445 2011 585 2083 Veteres
599 2010 932 2100 certe-membrunos,
954 2007 1127 2111 librosque
1143 2039 1214 2085 ma-

147 2125 357 2227 nuscriptos,
370 2126 456 2201 sicut
471 2143 736 2216 consueverunt*⁵
750 2128 822 2226 ejus
834 2127 882 2199 rei
896 2142 995 2200 testes
1011 2125 1123 2201 nullos
1136 2155 1214 2229 pro*

148 2243 300 2318 ducuntz.
314 2262 368 2331 et,
394 2262 435 2318 ut
447 2242 688 2345 producerent,
708 2241 784 2344 quis
801 2259 1055 2343 aequuspraetor
1076 2241 1214 2333 infirmis
1239 2241 1245 2248 '

148 2376 180 2433 et
196 2360 422 2464 titubantibus
440 2360 666 2434 librariorum·
678 2358 880 2434 testimoniis
894 2356 992 2432 fidem
1008 2357 1165 2446 baberet,
1182 2375 1215 2434 et

148 2474 334 2549 comodum
344 2474 610 2549 eorumnbulas
626 2473 724 2548 litem
736 2473 852 2560 doret3
883 2500 922 2546 ao
941 2501 1010 2546 non
1030 2474 1142 2573 potius
1159 2502 1213 2548 ve·

150 2608 231 2664 teret
243 2590 472 2664 interdicto-ne
486 2590 629 2665 Ovidius
642 2589 683 2664 de
693 2590 829 2690 antiqua
840 2589 1066 2690 possessione,
1082 2607 1113 2664 et
1125 2590 1216 2664 velut

149 2708 189 2782 de
200 2709 409 2783 nvitorlundo
421 2707 636 2808 dejiceretur?
648 2706 726 2780 Alio
740 2706 956 2801 confugiunt5
974 2706 1216 2792 etOvidianurn

149 2824 367 2899 cbmcterem
383 2852 455 2899 non
470 2853 558 2912 esse,
577 2824 677 2897 nobis
692 2822 890 2924 persuadere
916 2839 1086 2895 conuntur.
1111 2823 1216 2923 Equi-

151 2941 227 3018 dem
244 2944 272 3018 si
289 2971 436 3018 versarer
456 2944 493 3015 in
515 2942 596 3016 meis
614 2941 745 3028 onmis,
765 2957 799 3014 et
823 2939 870 3013 illi
897 2967 1013 3041 parum
1035 2939 1216 3041 locupletes

151 3077 280 3146 essent,
298 3087 403 3133 meam
432 3058 500 3133 illis
523 3057 696 3159 pecuniam
712 3056 811 3130 citius
829 3085 924 3156 quom
940 3056 1026 3130 istuc
1041 3056 1215 3130 crederem.

153 3174 255 3271 Quod
272 3192 383 3252 autom
400 3174 517 3262 aiunt,
537 3171 697 3247 clientum-
705 3172 893 3245 Drusorum
914 3171 1015 3245 luisse
1032 3170 1216 3244 Albinova-

152 3301 253 3376 num,
270 3307 305 3364 et
319 3289 445 3363 ideireo
456 3287 527 3362 buo
538 3287 708 3388 scripsisse
720 3288 755 3359 in
769 3285 907 3359 laudem
921 3285 1042 3374 Drusi,
1057 3286 1152 3384 cujus
1161 3312 1219 3359 eo·

153 3431 221 3478 mes
233 3405 280 3477 ¹in
297 3405 474 3479 Germanis
489 3403 623 3492 fuisset,
641 3420 673 3475 et
688 3400 977 3496 navigationemin
993 3400 1219 3472 Oceano-ven

154 3520 249 3595 sibus
266 3520 473 3610 murdrum,
490 3547 603 3593 eorum
626 3545 708 3619 poce
730 3517 888 3616 dixerim,
904 3516 1123 3624 frustmsnnt
1144 3544 1154 3588 :
1172 3514 1221 3587 si—

155 3638 289 3738 quidem
306 3665 346 3711 ex
368 3637 410 3711 iis
430 3636 514 3738 ipsis
534 3637 701 3724 versibus,
725 3633 781 3735 qni
801 3632 969 3732 hodieque
987 3648 1116 3705 exstant
1130 3628 1221 3731 apud

155 3755 331 3844 Senecam
345 3774 430 3830 etex
444 3756 600 3830 Cornelio
607 3753 743 3842 Tacito,
761 3751 843 3826 satis
853 3749 973 3856 liquet,
985 3778 1058 3822 non
1068 3749 1110 3823 ad
1121 3749 1221 3848 hujus

156 3869 261 3944 Drusi
271 3926 282 3958 ‚
292 3871 360 3958 'sed
374 3871 416 3943 od
434 3868 620 3944 Germanioi
636 3867 697 3941 lilii
714 3865 956 3962 navigationem
971 3891 1027 3938 eos
1043 3889 1155 3936 uersus
1170 3889 1222 3935 re·

157 3984 234 4059 ferri
240 4005 408 4087 oportere.
423 3989 493 4063 Nec
503 3985 621 4060 melius
630 3985 796 4076 divinant,
810 4011 915 4085 quum
921 3980 1126 4057 bariolontur
1136 4008 1222 4055 enm·

158 4101 232 4177 dem
243 4131 314 4178 esse
328 4104 461 4179 Celsum
476 4103 741 4188 Albinouanum,
759 4100 899 4176 scribom
915 4099 1045 4172 Tiberii
1055 4097 1221 4185 Neronis,

159 4220 317 4321 aqualem
341 4239 372 4295 et
397 4219 600 4296 familiarem·
615 4217 758 4293 Homtii.
784 4220 964 4318 Nunquam
986 4215 1045 4290 ille
1068 4216 1132 4290 fnit
1147 4232 1226 4296 enm,
