3159 5134
299 675 701 788 resnrnonra
732 703 811 789 ar
840 655 1100 792 Jnnrcta
1346 731 1349 738 ·

377 938 599 995 VETERUM
616 939 672 995 ΕΤ
689 940 1038 1032 Rsscnnntnttpnt,

232 1153 336 1258 nn
387 1156 445 1258 P.
499 1154 794 1261 ovrnro
839 1157 1174 1290 Nasone

174 1511 399 1615 Vnannrns
415 1529 705 1627 Paenncbnns,
721 1537 781 1612 lib.
800 1541 855 1626 ΙΙ,
873 1566 943 1640 cap.
964 1537 1031 1613 36:
1047 1573 1064 1605 «
1080 1538 1236 1615 'tibullus

174 1693 193 1726 »
216 1677 248 1732 et
260 1660 350 1734 Naso
363 1658 591 1760 perfectissimi
606 1660 761 1734 informa
774 1661 886 1759 operis
899 1663 961 1735 sni.
979 1695 997 1725 a

223 1783 375 1870 SENECA,
391 1781 538 1857 Natural.
554 1782 681 1880 Qnaest.
694 1781 754 1858 lib.
767 1784 838 1871 ΙΙΙ,
852 1810 922 1883 cap.
934 1808 1002 1883 27:
1021 1816 1038 1849 a
1050 1781 1237 1860 lnsniarnm

175 1930 194 1962 »
216 1897 315 1972 modo
329 1896 474 1974 eminent
485 1916 633 1987 montes,
644 1915 677 1972 et
688 1925 811 1998 sparsam
825 1895 978 2004 Cyaladas
992 1913 1124 2000 arpent,
1142 1918 1181 1974 ut
1191 1900 1240 1975 ait

176 2045 196 2077 a
215 2010 271 2086 itte
284 2032 457 2114 poetarum
476 2012 776 2109 ingeniosissimus,
794 2014 881 2088 sicut
897 2011 982 2087 illud
997 2042 1058 2116 pro
1071 2015 1237 2111 magnitu-

177 2159 196 2192 a
217 2124 291 2201 dine
304 2128 352 2202 rei
370 2127 474 2218 dixit,
497 2126 831 2229 Omarbpontaserant
850 2159 862 2201 :
877 2126 1002 2202 deerant
1015 2157 1130 2233 quaque
1148 2129 1239 2203 tiam

178 2267 201 2305 »¹
210 2257 324 2342 ponto,
345 2243 411 2317 nisi
429 2260 559 2317 tantum
574 2243 736 2347 impetum
751 2243 876 2341 ingenii
894 2262 928 2318 et
940 2244 1083 2321 materie
1099 2244 1139 2319 ad
1154 2272 1237 2347 pne-

178 2393 197 2425 »
214 2358 293 2436 riles
308 2360 450 2463 ineptias
463 2361 670 2450 reduxisset,
688 2363 824 2436 Metam.
839 2363 872 2448 l,
891 2358 985 2456 304:

339 2534 393 2589 Nat
402 2533 479 2604 lupus
489 2532 559 2589 inter
570 2552 648 2602 ores,
661 2533 747 2589 [nivea
758 2532 831 2588 vebit
842 2508 913 2590 unda
922 2533 1019 2590 leones.

178 2710 198 2743 a
213 2680 294 2753 Non
305 2695 355 2752 est
372 2703 424 2752 res
446 2680 525 2782 satis
547 2678 678 2767 sobria,
698 2678 847 2754 lascivire
863 2679 1017 2755 devorato
1035 2680 1117 2755 orbe
1133 2698 1235 2754 terra-

180 2822 198 2856 »
216 2820 298 2898 rnm.
314 2790 408 2865 Dixit
416 2792 573 2888 ingentia,
587 2810 620 2867 et
632 2809 730 2867 tante
739 2791 943 2867 confusionis
955 2792 1128 2889 imaginem
1137 2792 1233 2893 cepit,

180 2935 199 2971 a
217 2933 318 3007 qnnm
333 2906 439 2982 dixit:

337 3079 484 3149 Exspatiata
496 3092 578 3135 ruunt
590 3099 637 3150 per
648 3081 871 3150 apertosflnmina
881 3100 1004 3152 campos,

376 3208 415 3226 .,.
428 3190 573 3244 passaque
585 3172 674 3228 labant
685 3177 733 3231 snb
745 3176 846 3248 pangite
859 3187 951 3231 turres·
1009 3177 1111 3229 Ibidem.

182 3350 200 3382 n
218 3318 392 3415 Magnifice
404 3318 490 3405 hoc,
515 3318 629 3391 sinon
649 3320 774 3393 curavit
791 3318 871 3419 quid
885 3345 962 3392 ovea
975 3337 1008 3394 et
1020 3320 1092 3420 lupi
1104 3318 1235 3395 saciant.

183 3468 200 3501 »
220 3436 335 3512 Natari
352 3454 461 3511 antem
474 3437 508 3510 in
523 3434 648 3510 diluvio
661 3453 694 3510 et
707 3437 744 3510 in
756 3434 814 3511 illa
824 3438 936 3537 rapina
948 3438 1088 3537 potest?
1102 3455 1237 3513 autnon

182 3584 200 3619 a
220 3551 334 3626 eodem
350 3552 593 3653 impetupeeus
608 3572 726 3639 omne,
753 3581 821 3652 quo
836 3570 968 3653 raptum
984 3569 1072 3640 erat,
1096 3581 1238 3628 mersum

183 3700 202 3735 »
222 3670 296 3742 est?
320 3668 510 3770 Concepisti
526 3668 718 3764 imaginem,
741 3683 898 3768 quantam
916 3665 1084 3755 debebas,
1110 3656 1241 3743 obrntis

182 3813 202 3849 a
220 3782 376 3857 bmnibns
389 3781 503 3870 terris,
518 3781 597 3856 calo
608 3783 683 3885 ipso
695 3780 860 3855 interram
868 3797 992 3855 ruente.
1008 3780 1140 3870 Persen
1155 3782 1243 3857 dices

184 3931 202 3963 a
221 3898 306 3972 enim
316 3897 396 4000 quid
408 3897 529 3985 deceat,
543 3897 572 3972 si
585 3897 778 3993 cogitaveris
788 3896 903 3972 orbem
917 3915 1077 3972 terrarum
1088 3914 1240 3972 natare.»

230 4014 305 4108 (De
322 4014 384 4088 bae
401 4014 530 4088 &neca
545 4041 700 4101 censura,
717 4012 791 4088 ride
808 4012 975 4089 Sebelinm
991 4013 1034 4087 ad
1047 4013 1183 4111 Dialngi
1204 4014 1244 4089 de

183 4127 384 4202 Oratoribus
400 4155 471 4229 cap.
490 4125 571 4226 23.)

229 4239 726 4332 lnen,connoversiaxxv111:
742 4238 1245 4341 «Propterhoeetatiaquibus
