3159 5134
365 554 425 596 toa
686 533 725 594 P.
758 528 937 597 0le11
965 527 1101 595 VITA
1168 545 1173 554 ’

356 671 479 772 majani
489 669 607 770 gradus
614 672 774 771 juvenem,
792 669 859 744 hoc
874 687 922 745 est
934 666 1051 770 procui
1066 667 1186 757 dnbio,
1202 669 1356 743 senatorii
1370 697 1429 742 or-

358 785 463 872 dinis3
479 813 620 887 eumque
633 784 776 887 prodita
790 786 984 860 Domitiano
1000 785 1146 861 arbem
1159 811 1290 859 annonoe
1300 784 1425 872 dumo,

358 930 395 974 ac
417 900 549 973 omnium
569 900 689 973 viarum
712 899 892 974 dationibus
910 900 1121 1002 praefectum,
1147 928 1250 1002 quum
1276 900 1370 1001 prius
1393 900 1429 974 in

358 1018 433 1091 foro
459 1034 492 1092 et
520 1017 609 1117 apud
632 1017 856 1091 centumviros
890 1041 1004 1092 causas
1025 1018 1147 1118 sitienti
1171 1017 1317 1093 dixisset.
1344 1018 1431 1115 Quae

359 1163 462 1235 quum
474 1135 600 1209 Statius
614 1134 729 1209 adulto
738 1136 803 1235 jam
817 1134 1001 1209 Domitiani
1012 1131 1336 1238 imperin'seriberet,
1351 1134 1432 1207 hine

358 1270 467 1353 patet,
487 1253 613 1326 huncce
638 1251 775 1326 Plotimu
803 1253 955 1352 anpum
978 1252 1069 1327 baud
1086 1253 1237 1327 eumdem
1259 1281 1330 1328 esse
1354 1281 1431 1327 eum

359 1367 418 1441 illo
435 1367 499 1441 sub
511 1366 705 1468 Vespasiani
719 1367 928 1470 principatus
938 1368 1071 1443 initium
1078 1384 1218 1469 prmum
1229 1368 1344 1442 functo
1357 1397 1366 1454 3
1380 1368 1432 1441 uti

360 1483 444 1561 male
470 1484 643 1559 Gevartius
664 1494 672 1523 ¹
695 1485 906 1585 opinabatur.
934 1488 985 1558 Ex
1002 1486 1055 1559 his
1073 1513 1150 1560 vero
1171 1486 1324 1561 fontibus
1345 1487 1432 1560 forte

359 1601 524 1700 processit
537 1597 634 1673 fictus
651 1597 707 1672 ille
723 1599 868 1673 Nasonis
886 1600 992 1673 nostri
1009 1601 1177 1696 magister.

486 1907 568 1962 Anno
582 1917 643 1961 ante
657 1876 807 1971 c.'nvm;
819 1907 856 1961 U.
869 1907 1047 1973 C.nccxxv1;
1060 1905 1151 1963 Ovidii
1160 1926 1197 1962 xv
1209 1919 1237 1963 et
1251 1926 1306 1964 xvr

418 2047 451 2103 C.
471 2047 632 2105 CAESARE
648 2048 878 2106 OCTAVIANO
898 2052 954 2119 Vl,
973 2052 1013 2106 Μ.
1032 2050 1198 2106 suntuna
1215 2050 1242 2105 ΙΙ
1262 2048 1364 2106 COSS.

411 2205 437 2278 l.
467 2202 552 2278 Cum
570 2216 687 2272 nostro
706 2196 749 2270 ad
765 2211 866 2296 togam
884 2196 955 2295 ejus
972 2196 1092 2271 vin‘lem
1117 2205 1146 2282 ²,
1166 2224 1239 2297 quar
1256 2213 1290 2270 et
1306 2194 1432 2270 latera’

361 2349 400 2394 ac
415 2346 498 2416 puro
515 2314 528 2362 ⁴
554 2315 745 2400 dicebatur,
764 2313 982 2409 magnosatis
998 2311 1083 2388 saltn
1098 2312 1292 2388 transimus:
1309 2313 1350 2387 de
1367 2341 1432 2414 qua

363 2434 410 2507 sic
426 2431 527 2506 Trist.
547 2430 604 2503 lib.
624 2431 682 2515 IV,
701 2426 796 2524 Eleg.
817 2449 855 2515 1,
872 2457 955 2503 vers.
972 2454 1017 2528 27
1035 2446 1069 2502 et
1086 2426 1157 2501 28:

528 2578 650 2644 Interea,
663 2577 741 2631 tacito
755 2567 833 2647 naseu
842 2577 990 2632 lnbentibus
1001 2575 1092 2643 annis,

561 2672 676 2724 Liben‘or
685 2669 761 2724 fratri
770 2679 855 2726 sumta
868 2668 984 2740 mihique
996 2680 1056 2738 toga
1063 2679 1111 2724 eet.

365 2790 436 2887 Qui
452 2816 529 2862 vero
551 2785 696 2883 vulgaris
721 2785 822 2862 fuerit
846 2786 917 2860 dies
941 2804 1029 2882 togae
1049 2788 1128 2861 huic
1149 2785 1265 2861 dandte
1289 2784 1436 2873 dicatus,
1454 2873 1462 2882 ι

368 2907 467 2979 docet
483 2905 554 3005 ipse
570 2907 678 2992 Naso,
697 2906 825 2979 Fastor.
837 2903 897 2977 lib.
914 2905 981 2989 Ill,
1000 2904 1078 2980 dnm
1093 2904 1134 2979 ad
1145 2907 1265 2979 tertuum
1280 2922 1358 3008 post
1369 2903 1440 2977 ritus

366 3022 495 3106 Martii,
516 3051 574 3098 seu
597 3047 635 3121 ¹7
655 3021 726 3121 ejus
744 3020 866 3096 mensis
885 3019 972 3096 diem
990 3019 1122 3096 Boccho
1138 3033 1285 3111 sacrum,
1304 3050 1341 3096 ae
1362 3020 1439 3096 lt'be·

366 3138 443 3212 rolin
457 3137 534 3211 inde
551 3136 694 3224 dictum,
712 3136 781 3210 baec
798 3134 932 3236 prodit,
952 3164 1070 3212 avers.
1094 3141 1186 3236 776:

528 3282 621 3337 Restat
632 3292 661 3335 ut
672 3280 824 3347 inveniam,
837 3300 918 3350 quere
928 3289 989 3349 toga
997 3285 1077 3335 libera
1089 3284 1162 3335 detor

563 3371 686 3448 Lucifero
694 3379 794 3441 Μὴ,
806 3372 917 3428 candide
930 3376 1052 3437 Bacche,
1069 3382 1123 3428 tuo.

532 3464 596 3520 Sive
607 3464 676 3534 quod
689 3465 742 3534 ipse
749 3485 814 3534 puer
823 3484 928 3536 semper
938 3466 1093 3535 juvenisque
1105 3463 1216 3530 videris,

564 3557 599 3611 Et
611 3553 698 3610 media
712 3567 751 3610 est
763 3566 824 3612 etas
836 3555 906 3610 inter
917 3566 1060 3626 utrumque
1071 3555 1135 3610 tibi:

533 3648 587 3704 Seu
599 3647 658 3718 quia
670 3658 700 3701 tu
706 3660 782 3715 paler
791 3667 833 3715 es,
845 3658 931 3718 patres
943 3668 989 3702 sua
1000 3649 1111 3719 pignora
1122 3656 1199 3700 natos

564 3739 762 3796 commendant
774 3760 846 3796 turea
856 3741 1063 3810 numinibusque
1076 3741 1145 3794 tuis:

530 3832 605 3898 Sive,
618 3832 690 3901 quod
702 3851 729 3886 ee
743 3835 833 3895 Μαι,
846 3837 926 3887 uestri
937 3852 1042 3903 quoque
1054 3837 1134 3887 litem
1146 3850 1194 3900 per
1204 3841 1231 3884 te

564 3921 686 3976 Sumitur
697 3933 725 3976 et
734 3924 794 3977 vite
805 3922 934 3978 liberioris
943 3923 995 3978 iter
1005 3963 1014 3990 ,
1025 3933 1074 3978 etc.

401 4062 409 4091 ¹
428 4056 489 4110 Noe
502 4054 534 4109 ad
546 4054 610 4108 illud
623 4055 690 4110 seat.
704 4054 794 4111 Caena.
806 4073 862 4126 cap.
876 4078 914 4111 ra.

402 4145 412 4172 ²
431 4139 513 4209 Quod
526 4157 625 4210 nempe
636 4138 682 4208 qui
690 4159 749 4194 eam
760 4141 907 4198 induebant
917 4163 949 4198 ex
959 4143 1102 4214 ephebisin
1111 4143 1181 4197 viros
1192 4141 1438 4197 truseriberentur.

401 4224 411 4257 ³
429 4224 502 4294 Quia
515 4236 572 4279 turn
584 4244 599 4279 e
610 4225 760 4295 magisterio
771 4225 939 4282 etedebant.

398 4311 410 4347 ⁸
426 4310 466 4364 Ut
477 4329 535 4379 que
546 4320 601 4364 tota
611 4320 679 4364 esset
690 4308 763 4378 alba,
775 4309 841 4365 nibil
853 4330 978 4383 purpure
990 4310 1137 4368 admixtum
1150 4310 1257 4366 habene
