3159 5134
381 535 428 603 66
775 534 1053 604 Excessus

377 680 455 752 Una
471 694 581 753 tamen
598 694 738 778 estque
762 677 805 752 ad
828 679 1000 780 Hyginum
1016 675 1139 778 scripta
1161 675 1312 765 videtur,
1331 705 1450 779 nempe

377 794 494 882 tertia,
517 793 556 867 de
571 792 692 878 Ponto,
720 792 779 867 lib.
797 796 862 867 lV:
880 794 1021 867 amicum
1037 793 1125 866 enim
1149 790 1325 893 quemdam
1341 809 1449 880 taxat,

301 898 309 915 ’
378 929 410 986 et
426 940 503 986 eum
521 928 601 985 nota
618 908 760 985 levitatis
777 911 901 998 inurit,
930 910 1041 1011 quod,
1059 938 1165 1012 quum
1182 938 1203 983 a
1218 907 1339 983 teneris
1354 909 1451 983 anuis

376 1056 489 1104 secum
508 1028 693 1103 arctissimo
720 1026 975 1102 necessitudinis
1003 1024 1138 1101 viuculo
1167 1025 1302 1124 junctus
1326 1024 1451 1115 fuerit,

375 1144 560 1221 taudemin
576 1144 713 1219 adversa
729 1143 942 1218 lortuuanon
953 1144 1054 1218 modo
1062 1172 1139 1218 eum
1155 1143 1301 1230 deserat,
1317 1143 1376 1217 sed
1388 1171 1450 1218 ue-

377 1262 512 1364 quidem
522 1260 716 1359 cognovisse
726 1259 869 1335 simulet.
879 1261 964 1361 Ejus
974 1279 1025 1335 est
1034 1260 1187 1348 initium,
1203 1258 1389 1361 Conquerar,
1408 1288 1451 1335 an

375 1392 491 1451 tucrum
501 1381 523 1448 P
539 1377 617 1473 Qua
629 1376 763 1478 quidem
776 1374 919 1477 epistola
930 1374 1024 1451 facile
1035 1373 1230 1449 crediderim
1243 1373 1391 1449 eumden
1407 1375 1451 1449 ab

376 1494 500 1569 ovidio
508 1493 637 1582 notari,
656 1493 691 1568 in
706 1522 805 1595 quem
817 1494 890 1596 ipse
901 1522 992 1567 nunc
1006 1491 1184 1579 invehitur3
1194 1520 1271 1566 nam
1283 1490 1374 1593 quod
1383 1492 1449 1566 ait:

706 1681 713 1694 .
725 1682 732 1695 .
746 1682 769 1695 ..
787 1640 880 1696 Sedet
893 1641 1017 1695 insultare
1029 1641 1127 1711 jacenti

573 1727 614 1781 Te
624 1727 690 1781 milri
700 1767 708 1794 ,
721 1747 771 1785 nec
784 1728 870 1781 verbis
881 1746 987 1796 parcere
1001 1727 1073 1780 lama
1084 1727 1185 1793 retem

374 1863 524 1947 repetere
541 1847 673 1921 videtur
686 1847 723 1920 in
740 1846 838 1936 lbin,
855 1847 922 1920 hoc
937 1845 1038 1919 modo
1057 1876 1065 1918 :

537 1994 708 2065 Vulneraque
719 1995 830 2049 immitis
841 1994 962 2064 requiem
975 1992 1121 2062 querentis
1133 2001 1224 2055 vexat,

572 2080 660 2134 Jaetut
670 2079 736 2134 etin
750 2090 805 2133 toto
815 2079 895 2133 verba
905 2079 1000 2132 canina
1010 2077 1087 2140 lor03

246 2222 252 2235 ·
373 2215 408 2272 et
422 2196 524 2300 paulo
542 2215 651 2296 post:

538 2319 576 2372 At
587 2319 649 2380 tibi,
662 2318 763 2372 calcasti
774 2319 821 2387 qui
832 2337 891 2385 rue,
905 2318 1037 2384 violente,
1050 2320 1195 2387 jacentem,

569 2400 633 2467 Qua
645 2399 720 2464 licet,
733 2398 798 2453 heu!
810 2400 907 2453 misero
918 2400 1021 2454 debitus
1033 2400 1113 2455 hostis
1125 2419 1180 2454 ero.

328 2510 333 2523 ’
375 2520 471 2593 Hanc
491 2536 600 2593 antem
618 2516 755 2613 elegiam
773 2518 809 2589 in
827 2517 999 2617 Hyginum
1012 2519 1232 2620 conscriptam
1247 2544 1318 2593 esse
1334 2519 1450 2593 verisi-

373 2633 451 2709 mile
468 2651 540 2722 est,
560 2663 664 2736 quum
681 2633 766 2733 enim
782 2636 915 2736 inquit:

539 2781 585 2835 llle
599 2800 649 2851 ego
658 2800 717 2834 sum
727 2822 734 2848 ,
746 2800 898 2852 quanquam
909 2801 964 2835 non
976 2784 1014 2835 vis
1026 2782 1134 2849 audire,
1146 2792 1247 2835 vetusta

573 2864 653 2918 Petne
664 2882 732 2933 puer
742 2884 826 2934 puero
836 2868 941 2936 junctus
949 2867 1069 2920 amititia.

375 2980 470 3055 Dixit
480 3007 589 3081 pune,
604 2981 697 3081 quia,
709 2999 793 3055 teste
803 2982 977 3072 Suetonio,
988 2983 1145 3085 Hyginus
1154 2981 1351 3057 Alexandria
1362 3006 1449 3080 puer

375 3096 530 3171 advectus
541 3115 621 3185 erat,
631 3114 663 3170 et
676 3097 800 3171 Ovi'dio
809 3098 1163 3174 familiarissimusfuit.
1175 3101 1305 3173 Rursus
1315 3097 1373 3170 ubi
1381 3097 1446 3170 sic:

544 3240 591 3295 llle
602 3262 651 3312 ego
663 3243 765 3312 judiciis
775 3245 853 3299 unica
866 3246 943 3298 Musa
956 3246 1013 3299 tuis.

376 3343 476 3417 Illum
489 3345 637 3446 apprime
654 3342 835 3435 literatum,
850 3365 949 3448 atque
961 3347 1057 3420 etiam
1072 3347 1221 3422 criticum
1235 3374 1305 3420 esse
1316 3345 1445 3433 innuit,

377 3460 508 3562 qualem
526 3460 627 3535 luisse
645 3480 776 3537 constat
794 3464 980 3564 Hyginum,
998 3466 1092 3563 cujus
1106 3465 1140 3537 in
1154 3464 1331 3559 Virgilium
1351 3466 1449 3538 Com·

375 3574 534 3649 mentaria
551 3573 726 3649 laudantur
744 3577 786 3649 ab
803 3581 844 3651 Α.
867 3578 988 3652 Gellio.
1008 3581 1083 3652 lam
1099 3608 1175 3653 vero
1194 3608 1296 3680 quum
1318 3576 1447 3652 nnllam

378 3693 468 3794 apud
493 3692 650 3767 Ovidium
671 3696 793 3796 apertis
817 3697 927 3771 verbis
953 3697 1081 3799 Hygini
1102 3698 1302 3773 mentionem
1318 3696 1389 3770 fieri
1405 3694 1448 3770 li-

379 3832 496 3915 queat,
515 3812 692 3886 subortum
709 3812 858 3914 er'ynidem
876 3817 962 3888 inter
978 3815 1069 3915 ipsos
1093 3816 1268 3891 dissidium
1287 3814 1449 3915 suspicari

378 3927 477 4016 licet,
495 3928 587 4029 quod
604 3930 757 4031 Hyginus
774 3931 886 4005 Ovidii
905 3931 1084 4006 exsulantis
1100 3961 1255 4017 uxorem,
1270 3932 1314 4005 ob
1332 3930 1448 4033 pristi-

378 4076 455 4120 nam
479 4076 559 4121 cnm·
578 4046 637 4120 illo
663 4050 936 4124 consuetudinem
959 4051 1075 4152 procul
1095 4052 1199 4126 dnbio
1217 4053 1283 4128 sibi
1308 4051 1447 4126 notissi-

378 4192 488 4253 mam,
514 4163 688 4238 sollicitare
711 4194 810 4240 ausus
834 4186 944 4255 esset,
971 4170 1108 4270 ejusque
1124 4170 1297 4246 facultates
1311 4152 1355 4245 ab
1375 4174 1446 4244 Au-

381 4299 498 4377 gusto,
523 4282 617 4379 cujus
633 4280 773 4358 libertus
791 4302 875 4373 erat,
895 4286 1069 4387 impetrare
1085 4308 1269 4365 conaretur.
1303 4290 1447 4364 Proinde
