3159 5134
394 488 461 557 nn
485 491 525 555 r.
552 487 748 556 ovroro
771 489 994 559 Nasone.
1164 495 1229 590 lu

157 655 178 684 a
191 628 361 704 Florentia,
372 649 424 711 por
434 630 553 691 heredes
564 631 688 714 Pbilippi
702 633 802 693 luntre
815 674 824 706 ,
841 654 918 694 anno
926 634 1045 696 Domini
1060 634 1232 717 MDXXV,

155 731 310 793 Clemente
325 728 468 791 Pontifice
490 731 564 795 Max.
588 751 685 792 mense
702 730 837 812 apriti.»
858 765 900 781 -
913 735 1033 810 Panecr,
1052 747 1124 797 tom.
1144 741 1231 813 VII,

150 849 220 912 pag·
240 826 289 902 4⁰·
634 971 636 975 Α
654 903 742 971 1526.

197 1024 352 1088 Heroides.
367 1024 558 1103 Argentarali.
572 1024 667 1085 in-80.
679 1059 721 1071 -
737 1025 862 1103 Panaer,
876 1039 947 1089 tom.
962 1030 1027 1103 IX,
1041 1052 1106 1116 pag.
1121 1032 1192 1117 374.

196 1123 280 1185 Libri
297 1123 333 1185 de
350 1125 424 1186 Arte
445 1123 568 1184 Amandi
586 1135 617 1184 et
632 1123 667 1184 de
681 1124 823 1186 Remedio
844 1126 961 1188 Amoris
979 1150 1049 1204 uua,
1066 1153 1131 1191 cum
1148 1132 1232 1195 lucu-

155 1223 326 1285 lentissimis
342 1224 551 1285 commentariis
566 1223 664 1284 Bartlr.
680 1223 816 1299 Merulae,
829 1237 859 1287 et
870 1225 930 1286 aliis
943 1226 1135 1290 additionibus
1152 1231 1234 1294 noris

154 1315 254 1405 nuper
276 1323 308 1384 iu
329 1322 422 1384 lucem
439 1323 545 1396 editis,
562 1324 770 1405 aptissimisque
793 1323 891 1409 figuris
913 1328 1016 1388 ornati.
1052 1327 1230 1405 Tusculani,

154 1426 236 1487 anecd
252 1425 401 1486 Benacum
417 1427 448 1484 in
468 1424 575 1484 adibus
591 1424 756 1485 Alexandri
772 1425 924 1501 Paganini.
946 1424 1033 1502 in-I⁰.
1049 1461 1090 1473 —
1107 1430 1231 1507 Panzer,

154 1535 230 1585 tom.
245 1525 343 1599 VIII,
359 1545 423 1607 pag.
440 1520 509 1586 333.

196 1623 242 1682 Dc
260 1622 333 1683 Arte
352 1620 474 1681 Amandi
489 1632 519 1681 et
534 1620 704 1682 Remedium
720 1618 858 1691 Amoris,
884 1644 948 1681 cum
964 1636 1118 1684 comment.
1132 1626 1231 1687 Barth.

155 1720 280 1782 Merula
297 1733 326 1784 et
344 1720 413 1782 Gal.
429 1720 570 1782 Ramesei.
585 1720 726 1798 Lugduni
741 1720 834 1796 in-l,⁰.
846 1721 982 1782 -Catal
995 1723 1123 1804 impress.
1137 1724 1231 1788 libro-

154 1838 221 1878 rum
238 1817 316 1879 Bibl.
331 1818 506 1902 bodleianae.

196 1918 440 1996 Metamorphosis
456 1940 520 1978 cum
532 1915 765 1979 luculentissimis
777 1919 871 2000 Rapb.
888 1919 973 2003 Regii
988 1922 1231 2000 enarrationibus,

155 2016 260 2101 quibus
272 2017 401 2079 rumille
415 2015 544 2098 quaedam
555 2015 694 2100 adscripta
705 2029 773 2077 sunt
791 2040 798 2076 :
818 2041 882 2101 quae
895 2017 926 2078 iu
936 2020 1233 2108 exemplaribusantea

153 2115 301 2199 impressis
315 2138 376 2178 non
401 2114 588 2176 inveniuntur
612 2138 619 2174 :
647 2128 709 2176 tum
728 2138 830 2179 eorum
845 2117 978 2201 apologia
1000 2143 1065 2201 quae.
1084 2120 1196 2183 fuerant
1217 2149 1234 2186 a

134 2217 327 2301 ,quibusdam
351 2219 530 2300 reprehensa.
550 2219 586 2278 ln
607 2216 687 2279 fine:
713 2245 728 2271 «ι
747 2220 921 2300 Impressum
950 2221 1126 2300 Tusculani,
1154 2227 1234 2307 apud

153 2321 316 2394 Benacum,
340 2319 371 2378 in
391 2320 498 2379 adibus
521 2318 685 2380 Alexandri
706 2320 858 2398 Paganini.
885 2321 1072 2385 MDXXVI.
1090 2353 1105 2379 ι»
1136 2327 1232 2402 in-sp.

154 2440 222 2481 cum
279 2462 286 2478 .

192 2418 344 2581 Fuiirmrm
358 2516 422 2579 libri
432 2520 501 2591 VI,
523 2541 588 2579 cum
601 2531 754 2580 comment.
768 2519 891 2580 Antonii
905 2521 1088 2582 Constantini
1102 2535 1131 2584 et
1146 2523 1228 2584 Pauli

152 2617 241 2679 Marsi
254 2660 264 2692 ,
276 2640 309 2679 ac
325 2616 465 2677 Tristium
481 2615 546 2677 libri
561 2618 602 2678 V·
620 2616 794 2692 Tusculani,
808 2620 887 2699 apud
898 2620 1063 2694 Benacum,
1081 2624 1110 2681 in
1122 2623 1229 2682 adibus

153 2719 319 2782 Alexandri
337 2717 492 2796 Paganini.
509 2718 603 2792 irs-4⁰.
619 2751 660 2764 -
670 2717 797 2791 Panrer,
815 2730 887 2779 tom.
902 2722 1001 2794 VIII,
1018 2744 1082 2805 pag.
1101 2722 1171 2798 334.

192 2820 238 2879 De
260 2818 356 2879 Ponto
379 2814 444 2875 libri
471 2817 530 2891 IV,
544 2828 574 2879 et
590 2815 759 2895 Opuscula,
781 2839 846 2876 cum
864 2830 1018 2879 comment.
1039 2821 1136 2881 Barth.
1158 2824 1230 2884 Me-

152 2920 234 2982 rulae.
255 2918 413 2979 Tusculani
419 2939 432 2988 ;
448 2918 526 2998 apud
545 2918 710 2991 Benacum,
730 2919 762 2976 r'n
776 2919 884 2978 cedibus
896 2920 1063 2980 Alexandri
1073 2921 1229 3001 Paganini.

151 3019 252 3094 ἱππ-40.
264 3016 436 3088 -Paneer,
452 3013 520 3074 ibid.

194 3121 229 3178 ln
249 3115 337 3187 Ibin,
365 3136 430 3175 curn
453 3111 633 3195 expositione
654 3113 800 3176 Calderini
817 3128 847 3178 et
861 3116 968 3179 lodoci
989 3119 1080 3181 Badii.
1098 3120 1229 3182 Parisiis.

150 3217 245 3292 in-I‘h
256 3248 298 3261 -
307 3215 431 3287 Panrer,
445 3224 517 3273 tom.
531 3213 611 3272 VIII
625 3255 634 3286 ,
650 3234 712 3297 pag.
730 3214 779 3297 95.

191 3322 261 3380 Des.
281 3313 391 3377 Erasmi
408 3314 512 3373 lloter.
529 3313 761 3374 Commentarius
775 3315 805 3374 in
822 3315 933 3377 Nucem
947 3316 1045 3378 Ovidii
1061 3332 1089 3380 et
1105 3320 1137 3380 in
1153 3322 1225 3384 duos

151 3418 285 3498 Hymnos
299 3411 459 3475 Prudentii.
475 3413 615 3488 Parisiis,
637 3414 715 3493 apud
733 3415 875 3473 Simonem
894 3416 1059 3476 Golinoeum.
1076 3418 1167 3480 in-80.
1184 3456 1225 3467 -

150 3515 275 3588 Paneer,
292 3525 364 3574 tom.
380 3513 478 3588 VIII,
497 3533 562 3595 pag.
578 3533 627 3596 97.

642 3628 728 3713 1527.

191 3748 308 3831 Opere,
325 3745 458 3828 castigata
474 3743 510 3803 ad
529 3743 615 3807 fidem
630 3756 760 3806 veterum
776 3745 977 3826 exemplarium
999 3767 1015 3805 a
1036 3748 1150 3809 Joanne
1172 3751 1223 3811 Si-

150 3846 268 3909 cbardo.
285 3846 481 3912 Accesserant
495 3844 628 3905 omnium
643 3842 854 3917 additionibus,
872 3866 936 3926 quae
951 3845 981 3904 in
992 3845 1070 3908 bunc
1086 3846 1161 3909 diem
1173 3870 1225 3910 ex-

149 3957 242 4017 stent,
258 3943 413 4029 fragmenta
428 3941 558 4025 quadam
575 3940 675 4002 Ovidii
691 3940 828 4002 hacteuus
843 3963 904 4004 non
921 3943 1000 4016 visa,
1026 3964 1061 4003 ex
1077 3943 1155 4006 libris
1171 3947 1221 4029 qui

147 4042 258 4124 periere
273 4041 530 4123 Epigrammaton,
554 4050 584 4097 et
600 4037 722 4099 Carmen
741 4039 964 4099 eruditissimum
973 4040 1009 4099 ad
1025 4041 1168 4105 Pisonem·
1185 4046 1221 4103 In

146 4141 227 4203 fine?
258 4166 274 4195 e
287 4140 431 4214 Basileia,
457 4139 536 4222 apud
548 4136 693 4200 Adamum
711 4137 846 4210 Petrum,
876 4141 1116 4213 mensc‘Mariia,
1144 4164 1220 4201 anno

148 4241 353 4304 MDXXVII.
365 4267 381 4296 s
400 4240 496 4303 in-80.
507 4240 678 4312 -Panaer,
694 4249 766 4298 tom.
783 4238 851 4311 XI,
865 4260 928 4321 pag.
944 4236 1013 4301 383.

269 4355 383 4425 VIII.
997 4378 1038 4446 ²7
