3159 5134
377 570 422 655 44
660 574 699 638 Ρ.
727 574 907 643 ovrou
930 574 1158 644 ussurus

373 710 509 785 Nudave
528 708 662 812 derepta
677 731 813 814 pateant
827 733 885 788 tua
900 716 1022 791 viscera
1039 714 1144 816 pelle,

424 831 472 902 Ut
488 826 669 930 Phrygium
686 831 780 929 cujus
795 832 929 905 nomina
942 832 1065 906 [lumen
1080 833 1192 907 habet.

374 946 519 1021 Saxificae
536 948 644 1022 videas
661 948 775 1023 infelix
792 979 849 1023 ora
868 951 1033 1038 Medusa,

426 1063 619 1163 Cephenum
634 1064 757 1140 multos
774 1094 847 1166 quae
862 1066 954 1141 dedit
968 1095 1035 1140 una
1050 1067 1132 1141 neci.

377 1178 575 1253 Potniadum
592 1210 722 1256 morsus
739 1182 878 1271 subeas,
894 1200 933 1256 ut
951 1182 1113 1269 Glaucus,
1131 1210 1292 1283 equarum
1306 1210 1314 1269 ;

425 1298 532 1396 Inque
548 1296 647 1369 maris
665 1295 778 1384 salias,
797 1295 943 1372 Glaucus
960 1315 999 1371 ut
1016 1295 1116 1385 alter,
1135 1326 1247 1398 aquas.

378 1415 491 1512 thue
505 1411 640 1486 duobus
657 1412 743 1485 idem
762 1412 859 1487 dictis
877 1413 978 1487 modo
994 1441 1118 1487 nomen
1133 1413 1286 1502 habenti,

424 1530 608 1605 Praefocent
624 1530 738 1604 anima
755 1529 881 1603 Gnosia
896 1526 993 1603 mella
1008 1529 1104 1602 riam
1397 1550 1449 1604 560

376 1644 594 1747 Sollicitoque
607 1646 724 1732 bibas,
742 1645 846 1745 Anyti
864 1644 1076 1720 doctissimus
1093 1643 1174 1719 olim

424 1763 671 1862 lmperturbato
687 1761 779 1862 quod
797 1760 888 1834 bibit
904 1789 960 1834 ore
976 1788 1063 1834 reus.

376 1882 446 1954 Nee
465 1879 545 1968 tibi,
563 1881 591 1954 si
611 1879 691 1982 quid
709 1909 820 1970 amas,
837 1877 964 1953 felicius
980 1880 1138 1952 Haemone
1154 1877 1266 1966 cedat,

427 1996 541 2095 thue
559 2024 621 2070 sua
637 1997 831 2082 Macareus,
851 1993 898 2068 sic
917 1992 1046 2094 potiare
1063 2008 1128 2066 tua.

379 2106 441 2180 Vel
458 2108 587 2193 videas,
609 2108 700 2209 quod
713 2109 795 2208 jam,
813 2136 916 2208 quum
932 2106 1069 2181 {lamma
1084 2122 1201 2179 cuncta
1219 2122 1383 2195 tenerent,
1397 2125 1449 2179 565

427 2224 612 2297 Hectoreus
628 2223 735 2323 patria
751 2222 835 2295 vidit
852 2223 895 2297 ab
915 2251 988 2297 aree
1005 2250 1097 2324 puer.

415 2388 470 2442 553.
479 2389 582 2441 Nudave
591 2397 640 2440 etc.
649 2388 777 2460 Marsyas,
784 2387 867 2443 victus
877 2408 891 2442 a
939 2390 1089 2460 ceterisque
1102 2390 1159 2445 Diis
1170 2390 1278 2444 marinis
1289 2390 1362 2444 Deus
1373 2389 1448 2445 elie-

382 2466 493 2531 Plroebo,
504 2464 570 2536 pelle
582 2477 689 2533 erutus,
701 2485 801 2521 nomen
810 2467 892 2521 fluvio
940 2479 996 2522 ctus
1004 2479 1057 2535 est,
1068 2479 1172 2522 auctore
1182 2468 1262 2523 Orid.
1269 2468 1298 2521 in
1306 2468 1372 2522 XlV
1382 2469 1449 2521 Met.

382 2546 465 2613 dedit,
475 2545 569 2614 dequo
579 2565 664 2615 supra.
674 2545 893 2615 Dore-Bitenas
974 2549 1303 2619 559.Urqueduotas1·dem.
1312 2546 1450 2616 Aliusqni-

310 2658 314 2665 ·
379 2626 454 2691 pelle.
468 2625 592 2691 Dempta,
610 2623 642 2676 de
656 2642 709 2693 quo
720 2623 788 2676 alibi,
799 2624 837 2677 H.
940 2626 1002 2681 dam
1011 2625 1139 2691 Glaucus,
1153 2624 1380 2692 Cretensis(nam
1393 2623 1448 2693 plu·

418 2705 473 2770 554.
494 2705 637 2774 Phrygium·
653 2707 762 2774 Phrygii
776 2702 892 2772 plerique
939 2725 981 2760 res
989 2705 1081 2759 Glauci
1091 2702 1275 2773 luerunt),ob
1283 2702 1411 2756 lasciviam
1420 2702 1449 2755 in

384 2780 472 2850 scripti
484 2791 511 2834 et
524 2779 661 2835 editiones.
941 2785 1021 2838 srliam
1027 2793 1159 2837 venenato
1167 2782 1244 2835 melle
1253 2782 1392 2835 exstinctus
1399 2791 1449 2846 ests

418 2863 474 2913 555.
494 2861 610 2929 Suspice
619 2863 715 2914 ardeas.
727 2861 854 2926 Perseus,
867 2860 895 2913 li·
943 2865 1002 2919 vide
1015 2864 1170 2937 Hyginum,
1185 2862 1249 2915 Fau.
1262 2862 1316 2915 136.

385 2936 475 2990 berata
497 2937 687 3001 Andromeda,
710 2957 770 2992 cum
790 2938 894 2993 Phineo
976 2944 1032 2998 ooo.
1046 2946 1133 2996 Notio
1146 2945 1229 2994 mella.
1247 2944 1348 2995 Gnosr‘a
1362 2940 1448 3012 pleri-

385 3016 513 3081 eertavit,
530 3017 572 3071 cui
592 3028 653 3070 ante
669 3018 795 3086 promissa
806 3016 895 3071 iuerat
943 3031 1112 3093 queveteres
1125 3021 1225 3075 Hnrns.

386 3093 577 3159 Andromeda,
593 3104 620 3148 et
633 3114 709 3161 eum,
723 3094 770 3164 ipsi
782 3094 867 3163 puella
880 3113 895 3147 a
976 3101 1033 3156 sor.
1045 3104 1129 3171 Anyti
1137 3094 1296 3152 doemones
1308 3101 1376 3152 olim.
1391 3099 1452 3151 Vc·

386 3172 537 3241 parentibus
549 3171 662 3242 pollicita
672 3174 703 3227 in
717 3192 846 3239 uxorem,
866 3173 894 3226 in
942 3194 1011 3237 teres
1033 3181 1150 3250 plerique
1170 3182 1264 3241 velati,
1285 3197 1318 3232 an
1333 3178 1455 3250 Melyn?

387 3272 476 3306 sarum
494 3254 594 3319 vertit,
617 3264 707 3323 utpote
726 3253 779 3306 rim
797 3253 895 3307 inferre
942 3272 996 3315 um
1009 3260 1082 3314 enim
1093 3257 1281 3330 Melyriquam
1296 3256 1378 3328 Anyti
1391 3275 1454 3310 reus

387 3333 538 3400 nitentem,
565 3332 758 3402 Cephcnosque
786 3331 896 3402 populos
943 3336 1184 3391 Socrates.Hnrres,

386 3411 409 3465 ei
424 3422 561 3482 parentes,
576 3424 605 3466 ut
618 3412 730 3467 Ovidius
745 3412 772 3465 in
784 3412 895 3464 Metam.
978 3413 1034 3466 553.
1044 3414 1169 3464 Hemone.
1182 3410 1314 3472 Hermon,
1328 3407 1453 3461 Creontis

387 3489 430 3544 lib.
445 3491 478 3543 V,
944 3491 1135 3545 Thebanorum
1154 3487 1222 3557 regis
1240 3487 1322 3552 lilius,
1343 3486 1454 3554 Antigo-

420 3570 477 3641 557.
492 3572 642 3624 Potnradum
660 3589 765 3624 morsus.
783 3569 897 3624 Glaucus
943 3589 1021 3636 nem,
1039 3567 1130 3638 OEdipi
1143 3562 1450 3629 etJocastoeliliam,sibi

387 3651 508 3704 ePotnia
519 3651 636 3716 civitate,
650 3670 732 3719 quurn
741 3650 854 3703 Veneris
861 3669 897 3703 sa·
944 3648 1117 3718 desponsam,
1132 3656 1188 3699 tam
1203 3642 1344 3713 impotenti
1362 3659 1454 3695 amore

388 3747 432 3781 rra
443 3738 596 3797 sperneret,
611 3728 664 3783 suis
681 3729 796 3798 equabus
810 3749 824 3781 a
839 3729 897 3781 Dea
944 3727 1076 3799 deperiit,
1094 3736 1122 3779 ut
1141 3725 1173 3778 ad
1190 3734 1302 3779 mortun
1320 3721 1454 3775 tumulum

388 3804 465 3857 iuror
477 3804 607 3858 immissus
615 3815 671 3859 est:
682 3825 697 3859 a
708 3806 802 3875 quibus
813 3823 897 3875 quum
944 3825 999 3860 sese
1013 3801 1183 3856 interfecerit.

389 3882 539 3948 ueheretur,
548 3883 677 3936 morsibus
686 3893 725 3936 est
735 3882 896 3949 dilaceratus,
979 3882 1035 3947 564.
1050 3883 1131 3948 thue
1140 3898 1189 3933 sua
1198 3880 1340 3932 Macareus.
1354 3872 1457 3944 Insigni

390 3964 494 4033 utVirg.
503 3961 686 4033 inllchorg.
696 3961 781 4028 docet,
790 3964 898 4032 asspsqq.
946 3959 1075 4014 dedecore
1089 3968 1168 4011 notus
1183 3967 1221 4009 est
1238 3956 1272 4009 ob
1286 3952 1457 4009 oonmrbitum

424 4044 479 4096 558.
488 4047 564 4112 Inque
570 4048 648 4096 maris
655 4048 748 4097 salsas.
756 4042 870 4097 Glaucus
878 4043 899 4096 is
949 4037 1065 4092 Canaces
1072 4036 1175 4090 sororia
1188 4055 1195 4088 ε
1210 4033 1323 4087 eandem
1335 4030 1457 4099 turpitu-

390 4121 502 4191 piscator
518 4120 642 4175 ardenter
653 4120 767 4194 Scyllam
784 4122 880 4174 amarit
891 4161 898 4188 ,
947 4114 1038 4170 dinem
1049 4113 1117 4169 lbidi
1127 4113 1294 4183 imprecatur.
1302 4106 1459 4163 Dore-Tu

391 4200 436 4268 qni
447 4201 473 4253 in
484 4198 600 4253 Euboica
614 4199 728 4253 Andone
739 4198 821 4253 herba
834 4219 901 4268 qua-
942 4200 1048 4264 potiare.
1058 4196 1102 4248 Sic
1109 4198 1208 4262 potiare
1218 4190 1314 4260 scripti.
1322 4190 1423 4242 tinus.

390 4279 450 4331 dam
464 4288 583 4349 gustata,
601 4276 747 4331 incredibili
758 4277 898 4347 cupiditate
979 4274 1035 4328 566.
1051 4275 1125 4326 Vidi!
1137 4274 1171 4324 ab
1183 4274 1243 4323 urbs
1258 4287 1328 4337 puer.
1342 4269 1385 4320 Ab
1397 4281 1459 4317 arce

389 4376 416 4408 se
428 4356 455 4409 in
469 4376 541 4411 mare
555 4355 683 4426 projecit,
700 4368 726 4409 et
744 4377 759 4409 a
774 4356 900 4426 Neptuno
946 4352 1061 4422 quinque
1073 4361 1182 4404 veteres.
