3159 5134
351 465 415 535 ²9⁰
684 443 1084 511 DEDICA'I'IONES

350 582 568 673 contulimus,
586 603 624 658 ut
639 586 787 686 apertior
795 585 898 660 'vobis
914 604 1002 662 oaoet
1017 605 1053 660 et
1062 584 1195 686 planior
1206 586 1250 660 ad
1260 585 1422 661 Ovidium

349 704 505 780 carminis
522 701 775 804 explicationem
791 704 853 780 via.
874 704 1016 779 Habetis
1036 703 1147 780 brevis
1164 703 1271 780 libelli
1288 705 1421 779 brevem

351 817 657 923 prefatiunculam:
674 848 749 921 qna
764 838 876 896 umen
889 846 1004 894 vereor
1014 849 1057 894 ne
1068 821 1115 895 ait
1125 848 1222 922 aquo
1236 815 1421 922 prolixior3

351 955 386 1034 et
410 937 557 1012 imitatus
572 936 740 1012 existimer
755 936 862 1016 malon
878 939 1092 1025 mehitector,
1109 955 1169 1011 ant
1182 939 1293 1039 mepte
1310 939 1423 1014 ambi-

351 1052 460 1129 tioaoa
474 1069 586 1152 patrea
601 1051 761 1138 familias,
779 1052 839 1153 qui
854 1080 898 1126 ne
912 1052 949 1126 in
964 1080 1000 1126 re
1015 1071 1155 1149 angusta
1170 1050 1344 1128 rideantur
1359 1081 1421 1126 an·

351 1185 448 1265 gnate
456 1165 622 1252 habitare,
633 1165 814 1267 aliquando
824 1167 1071 1268 partiendibus
1084 1195 1203 1265 magua
1215 1159 1421 1269 proauum

349 1279 522 1358 rostiltula.

744 1401 1030 1428 mmm

452 1592 505 1674 Η.
541 1587 822 1692 CIOFANI,
856 1587 1316 1694 SULMONENSIS,
1450 1666 1461 1692 ,

581 1801 793 1856 rnnrtrto
811 1801 852 1853 tn
869 1798 1181 1866 HALIEUTICON,

700 1982 907 2026 naumurum
924 1983 1041 2033 matri,

517 2125 710 2193 JOANNI
736 2122 1018 2191 BAPTISTAE.
1036 2123 1258 2191 ALBANO.

400 2322 742 2404 numeratorum,
759 2341 797 2387 ae
816 2313 1022 2390 {luctuosior
1037 2315 1209 2414 provincia
1227 2333 1294 2404 eat,
1322 2343 1420 2417 quam

353 2433 471 2530 tulgus
487 2430 671 2518 existimat,
689 2431 778 2529 ejus,
805 2430 915 2531 quiin
936 2447 1081 2504 veterum
1106 2447 1279 2504 auctorum
1302 2458 1420 2506 monu-

352 2549 473 2627 mentis
488 2545 688 2648 purgandis,
703 2544 763 2622 sed
780 2573 849 2620 non
862 2545 933 2620 aina
951 2573 1081 2622 summo
1099 2543 1213 2639 gloria
1227 2544 1420 2647 splendore,

353 2695 451 2745 omne
465 2694 563 2740 auum
574 2662 722 2738 studium
731 2690 770 2737 ae
781 2662 987 2759 diligentiam
997 2660 1162 2748 colluam
1178 2662 1280 2772 modo
1295 2661 1422 2764 aliquid

354 2781 585 2879 adgrediatur,
602 2807 640 2853 ac
659 2796 813 2881 praestet,
829 2780 919 2879 quod
937 2778 1081 2880 reipubl.
1109 2776 1258 2854 literaria⁴
1280 2778 1420 2853 iuterait

355 2900 461 3003 quue
482 2898 611 2973 duabus
623 2898 836 2999 potissimam
849 2896 1036 2976 rationibus
1054 2896 1182 2971 effrere
1195 2914 1315 2997 potent.
1330 2898 1422 2994 Qua-

355 3044 430 3091 rum
446 3013 548 3089 altera
564 3029 639 3102 est3
673 3012 704 3084 si
724 3014 795 3111 ejus
814 3012 948 3112 operis,
972 3013 1061 3113 quod
1079 3011 1244 3087 illustrare
1270 3013 1421 3099 studeat,

203 3149 205 3154 '
354 3131 500 3234 priscum
513 3128 649 3231 aliquod
663 3127 829 3229 exemplar
840 3144 958 3202 nactus
970 3146 1039 3214 est,
1050 3128 1145 3226 cujus
1155 3146 1328 3229 optatque
1337 3128 1424 3204 auxi

354 3246 402 3323 lio
419 3248 537 3334 nnus,
562 3245 634 3319 loca
651 3243 795 3345 aliquot,
813 3245 841 3319 ai
859 3244 970 3318 minua
987 3243 1119 3329 omnia,
1142 3272 1216 3345 qua
1231 3245 1265 3318 in
1282 3273 1322 3319 eo
1339 3263 1423 3322 tem·

351 3365 445 3466 poris
461 3362 543 3436 vitio
560 3362 735 3463 depravata
751 3379 851 3449 aunt,
868 3358 1008 3435 feliciter
1021 3362 1191 3450 emendet,
1209 3380 1308 3462 atque
1322 3364 1357 3436 in
1368 3364 1424 3437 in-

357 3501 486 3578 tegrum
502 3480 664 3556 restituat.
683 3478 797 3553 Altera
813 3507 914 3568 ver03
936 3479 964 3554 si
980 3479 1125 3578 ejusdem
1143 3481 1273 3575 generia
1290 3479 1385 3569 libri,
1407 3511 1426 3556 a

359 3628 426 3700 quo
448 3596 585 3672 mendas
605 3597 733 3672 auterre
756 3615 913 3682 conetur,
933 3595 1098 3697 exemplar
1114 3597 1272 3698 scriptum
1299 3596 1426 3673 nullum

359 3714 524 3817 repperit,
543 3714 740 3811 conjecturis
754 3712 825 3811 ejus
842 3712 1035 3788 vulneribus
1047 3712 1242 3786 medicinam
1253 3713 1363 3788 saciat.
1378 3717 1428 3788 Ex

359 3831 413 3906 his
430 3827 624 3905 emendandi
646 3827 852 3915 rationibus,
870 3830 977 3903 tutior
993 3829 1130 3903 omnino
1147 3847 1182 3904 et
1196 3828 1306 3903 minus
1322 3830 1430 3905 audax

360 3948 456 4052 prior
465 3962 524 4020 eat.
543 3945 743 4043 Quanquam
757 3943 786 4017 ai
801 3945 951 4046 quiaeat,
966 3946 1023 4047 qui
1036 3946 1073 4020 in
1086 3963 1226 4047 utraque
1237 3975 1273 4021 re
1284 3941 1430 4049 aliquid,

363 4063 454 4167 quod
470 4061 643 4135 doctorum
668 4058 840 4138 hominum
857 4062 995 4139 auribus
1012 4062 1149 4158 dignum
1164 4062 1227 4149 rit,
1251 4060 1430 4149 moliatur,

362 4178 391 4253 is
405 4175 540 4256 summis
557 4189 591 4249 et
607 4198 711 4275 prope
728 4172 851 4252 divinia
864 4174 1020 4254 laudibus
1036 4175 1240 4252 adficiendus
1251 4194 1318 4266 eat3
1336 4176 1431 4277 cujus
