3159 5134
509 507 603 576 run
627 508 659 573 J.
686 505 909 574 nasson.
1174 507 1234 593 145

173 647 265 724 dium
292 647 328 720 in
360 645 433 721 soro
461 676 630 748 nunquam
663 675 776 720 causas
803 647 846 720 ad
872 644 1111 720 causidicorum
1135 648 1239 723 instar

172 764 299 860 egisse,
317 762 375 837 sed
392 763 480 837 inter
497 763 717 838 centumviros
734 763 857 837 ibidem
878 762 913 835 in
935 760 1101 838 subselliis
1116 763 1239 842 sedisse

173 911 232 956 ceu
244 882 399 981 judicem,
412 909 448 955 ac
458 881 691 957 advocatorum
700 883 867 956 orationes
875 881 1047 968 audivisse,
1060 910 1238 984 causasque

171 1001 352 1100 judicasse,
371 1001 459 1100 quod
475 1019 525 1074 est
532 999 677 1076 sederetis
690 1000 836 1101 ob'quesm
855 1002 904 1073 vel
915 1055 924 1086 ,
936 1016 975 1073 ut
987 1002 1109 1075 Noster
1120 1001 1236 1090 babet,

172 1115 203 1188 io
218 1115 349 1216 alicujus
363 1114 459 1188 verbo
472 1113 583 1188 sedere.

221 1230 428 1303 Ceutnmviri
454 1248 563 1304 autem
589 1229 647 1332 qui
672 1228 829 1317 luerint,
844 1229 957 1331 paucis
981 1230 1079 1304 docet
1098 1233 1239 1306 Festus:

176 1379 194 1409 α
215 1343 488 1431 Centumviralia,
503 1344 632 1444 inquit,
650 1343 770 1442 judicia
788 1375 806 1417 a
822 1344 1032 1419 centumviris
1048 1345 1134 1419 dicta
1151 1364 1239 1420 sunt.

176 1492 195 1524 n
213 1462 299 1534 Nam
320 1489 422 1561 quum
440 1471 549 1534 esseut
565 1464 681 1535 Romae
699 1459 833 1554 triginta
849 1462 996 1562 quinque
1014 1462 1142 1550 tribus,
1167 1490 1239 1563 quae

176 1608 195 1642 »
213 1594 246 1649 et
255 1576 357 1650 curin
369 1595 449 1650 sunt
461 1577 570 1664 dictae,
583 1577 667 1650 terni
681 1604 719 1650 ex
733 1574 872 1671 siugulis
887 1576 1044 1650 tribubus
1055 1596 1133 1652 sunt
1146 1576 1240 1651 electi
1264 1619 1267 1626 .

177 1725 194 1757 a
213 1691 255 1764 ad
269 1689 504 1792 judicandum,
525 1693 582 1794 qui
601 1692 795 1767 centumviri
813 1691 967 1793 appellati
985 1709 1073 1766 suut.
1101 1697 1148 1767 Et
1164 1693 1242 1768 licet

177 1841 195 1872 κ
216 1808 366 1909 quinque
382 1806 524 1908 amplius
541 1836 640 1908 quam
654 1825 788 1886 centum
799 1809 941 1896 luerint,
957 1826 1064 1886 tamen
1081 1838 1149 1911 quo
1161 1810 1241 1884 laci·

176 1960 194 1991 n
213 1925 279 2001 lius
295 1925 556 2014 nominarentur,
573 1925 763 1999 centumviri
778 1943 857 1999 snut
870 1925 959 1999 dicti.
979 1960 996 1991 »
1014 1927 1242 2025 Caetera,quae

174 2043 215 2117 ad
233 2071 352 2119 eornm
366 2041 488 2141 judicia
506 2060 671 2144 spectant,
688 2040 801 2143 plures
818 2043 883 2140 jam
900 2042 988 2117 docti
1010 2043 1070 2115 viri
1092 2052 1100 2082 ¹
1121 2061 1242 2120 tracta·

174 2180 270 2249 runt,
287 2189 373 2262 qnos
390 2157 564 2234 consulere
583 2177 643 2234 est.
663 2159 835 2234 Addemus
859 2177 1001 2249 tanturn,
1018 2178 1058 2233 ut
1077 2163 1244 2262 posterior

95 2266 98 2272 ’
176 2275 289 2350 Ovidii
302 2273 396 2348 loeus
409 2272 608 2360 illustretur,
624 2273 843 2347 centumviros
856 2273 1036 2348 nonfuissc
1046 2292 1241 2375 perpetuos,

174 2419 233 2466 nec
250 2418 383 2491 semper
397 2391 529 2465 eosdem
546 2388 724 2490 quotannis
741 2388 775 2460 in
794 2387 1085 2464 centumviralibus
1101 2389 1241 2480 sedisse;

174 2508 289 2583 sodex
305 2505 452 2605 judicum
474 2505 614 2580 decuriis
630 2534 648 2578 a
667 2522 807 2608 praetorc
823 2504 926 2579 lectos
948 2506 982 2577 in
1000 2534 1096 2581 sunm
1119 2535 1242 2581 annum

173 2649 261 2708 esse,
281 2639 394 2695 utuua
404 2648 479 2694 cum
490 2648 530 2694 eo
545 2647 660 2695 causas
674 2617 926 2695 centumvirales
937 2618 1132 2694 deciderent.
1145 2621 1242 2694 Unde

172 2737 390 2835 intelligitur,
410 2767 510 2839 quare
526 2740 615 2812 Naso
634 2736 771 2822 dixerit,
788 2735 929 2810 sedissem
932 2737 1088 2834 fistolae,
1106 2754 1167 2812 etc.

222 2858 284 2930 Ill.
306 2854 605 2954 Snbjungitporro
622 2855 743 2926 Noster
760 2852 874 2926 eodem
890 2851 983 2940 loco,
1001 2854 1101 2926 Trist.
1117 2851 1175 2926 lib.
1186 2855 1240 2940 ll,

173 3000 255 3046 vers.
272 2970 343 3071 95:

339 3121 393 3173 Res
404 3138 508 3189 quoqne
518 3124 633 3186 pn'valas
645 3118 723 3172 statui
733 3117 789 3171 sine
801 3118 910 3173 crimine
921 3135 1011 3173 sonex
1021 3121 1047 3185 ⁸,

369 3209 463 3280 Deque
474 3229 533 3264 mea
543 3209 609 3276 lassa
622 3220 661 3263 est
674 3228 732 3278 pars
743 3228 845 3278 quoque
858 3209 923 3262 vieta
937 3207 998 3261 fide.

171 3353 363 3430 Absurdam
384 3346 483 3452 bujus
507 3350 571 3425 loci
591 3350 892 3453 interpretationem
917 3377 936 3422 a
962 3348 1133 3423 nonnullis
1158 3379 1236 3424 con-

171 3471 282 3545 fictam
299 3469 378 3544 satis
393 3469 596 3544 revincemus
608 3524 617 3556 ,
631 3467 732 3542 modo
744 3467 918 3540 rectiorem
934 3466 1149 3567 proferamus.
1167 3465 1236 3539 sci-

207 3672 215 3701 ¹
233 3666 296 3721 Gut.
311 3666 440 3732 Budaeus,
460 3665 523 3719 Not.
537 3664 616 3735 prior.
631 3664 662 3718 ad
676 3663 759 3719 Pand.
777 3683 834 3734 pag.
850 3665 913 3729 242,
935 3665 998 3729 2453
1017 3661 1079 3716 Ant.
1097 3663 1236 3732 Augustiu.

170 3754 206 3807 de
220 3751 308 3822 legit».
320 3750 369 3820 leg.
383 3748 506 3812 AEbutia;
520 3746 582 3802 Car.
592 3748 731 3816 Sigonius,
749 3746 782 3801 de
798 3745 922 3812 Judiciis,
939 3745 982 3798 lib.
999 3743 1029 3811 I,
1039 3764 1094 3813 cap.
1107 3767 1137 3798 υ
1147 3767 1159 3811 5·
1172 3747 1235 3801 Sic·

168 3852 265 3899 σωκ,
280 3832 313 3884 de
328 3830 494 3885 centumvir.
510 3828 632 3893 Judicio,
649 3829 691 3882 lib.
703 3827 732 3896 l,
749 3847 804 3896 cap.
819 3828 847 3894 6,
869 3827 916 3892 13,
936 3828 1027 3880 Fraus.
1041 3824 1187 3882 Hotoman.
1200 3829 1233 3882 de

169 3915 344 3985 magistratib.
355 3914 438 3968 Rom.
455 3910 496 3966 lib.
513 3913 542 3980 l,
561 3922 609 3965 etc

204 4009 217 4039 ²
233 4006 298 4059 Hoc
316 4006 374 4058 Pet,
390 4006 473 4075 Bayle
489 4003 526 4058 sic
547 4001 683 4070 intelligit,
704 4010 734 4054 ut
753 4012 873 4067 censeat,
888 4000 1015 4056 Ovidium
1033 4003 1187 4071 quibusdam
1205 4005 1233 4057 in

167 4089 236 4144 litib.
250 4091 368 4141 arbetmr
386 4106 440 4139 esse
460 4086 556 4139 sactum
566 4126 574 4152 ,
586 4095 635 4138 etc.
654 4084 756 4137 verum
765 4085 850 4152 ludex
866 4084 896 4137 ab
908 4089 1002 4140 arturo
1017 4085 1116 4140 differe
1131 4087 1177 4141 llle
1193 4098 1233 4141 est

167 4174 217 4245 qui
227 4192 242 4226 a
254 4169 407 4241 pectoribus
419 4170 496 4224 datur
505 4191 512 4223 :
520 4174 614 4224 arbiter
621 4168 665 4237 qui
677 4186 692 4220 a
702 4168 861 4235 litigantibus
871 4167 976 4237 eligitur
993 4188 999 4221 :
1018 4168 1079 4222 vid·
1088 4170 1180 4223 Senes.
1199 4169 1232 4224 de

167 4252 265 4310 Benel.
277 4252 322 4306 lib,
337 4253 378 4307 lll
389 4291 397 4318 ,
408 4269 463 4320 cap.
481 4273 493 4320 7
504 4273 510 4315 3
522 4250 590 4304 Plio.
603 4249 651 4318 Ep.
664 4250 714 4315 3⁰3
730 4247 774 4303 lib.
782 4249 856 4322 vlt,
867 4246 952 4323 Cicer·
966 4249 1041 4304 Orat.
1053 4270 1102 4320 pro
1114 4251 1216 4308 Roscio.

289 4352 401 4421 VIII.
988 4373 1026 4416 ιο
