3159 5134
446 576 500 647 IN
523 578 704 647 OVIDII
729 577 855 647 IBIN.
1147 583 1191 652 65

121 754 141 788 a
159 738 337 798 tentatum.
360 719 474 817 Hujus
491 716 632 792 libertus
649 712 842 792 tristatus
860 717 1052 807 Modestus,
1066 721 1102 795 in
1123 741 1196 798 stu·

123 871 140 904 ¹>
157 839 227 913 diis
242 854 344 938 atque
361 835 511 909 doctrina
530 833 667 931 vestigia
680 835 813 934 patroni
830 852 973 910 secutus
990 868 1009 903 »
1028 837 1107 912 Hae
1120 837 1194 930 ille,

122 956 215 1053 eujus
231 953 335 1028 rerba
351 951 529 1047 diligenter
544 967 579 1024 et
594 951 661 1023 aeri
678 949 803 1049 judicio
821 980 982 1054 perpensa
1002 982 1072 1028 non
1089 954 1195 1033 levem

123 1066 303 1169 suspicioni
318 1093 398 1139 meae
415 1093 527 1139 ausam
541 1064 688 1165 praebere
701 1064 865 1139 videntur.
881 1067 997 1163 Quum
1013 1069 1101 1144 enim
1119 1073 1193 1175 fly-

124 1185 237 1278 gr’mum
256 1181 381 1257 Ovidio
396 1179 685 1256 familiarissimum
704 1181 807 1256 fuisse
821 1180 924 1270 dicit,
941 1182 1002 1258 ubi
1024 1186 1125 1262 modo
1141 1189 1194 1266 vel

123 1298 157 1372 in
183 1297 344 1373 omnibus
374 1297 549 1397 utriusque
572 1297 799 1373 monumentis
820 1315 918 1373 tauta
941 1303 1194 1384 netessitudinis

125 1414 298 1510 vestigium
313 1416 442 1489 exstat?
461 1413 604 1488 Ovidius
620 1413 663 1488 ad
678 1441 834 1503 uxoren,
853 1414 896 1489 ad
909 1416 1053 1509 Carum,
1069 1420 1111 1493 ad
1131 1423 1195 1496 Pe.

126 1525 255 1616 n’llum,
271 1528 314 1602 ad
330 1528 491 1615 Bmtnm,
504 1526 547 1601 ad
566 1526 769 1615 Maximum,
784 1528 826 1601 ad
844 1529 1024 1621 Rufinum,
1039 1534 1082 1607 ad
1098 1536 1196 1611 Grae·

126 1644 251 1731 einum,
267 1645 310 1718 ad
323 1642 561 1734 Messalinum,
577 1643 617 1718 ad
632 1644 808 1733 Severum,
821 1644 862 1718 ad
875 1645 1044 1736 Flaccum,
1060 1650 1101 1724 ad
1112 1652 1195 1728 Ger·

124 1759 303 1846 manienm,
315 1759 356 1834 ad
370 1757 549 1846 solanum,
564 1757 605 1831 ad
615 1756 785 1845 Atticum,
799 1759 841 1831 ad
854 1759 1004 1852 Cottam,
1017 1764 1060 1838 ad
1071 1766 1195 1858 Cotim,

123 1872 163 1945 ad
180 1870 363 1963 Suillium,
380 1871 423 1948 ad
441 1870 704 1962 Albinovanum,
722 1873 763 1946 ad
782 1872 986 1964 Gallionem,
1003 1878 1044 1951 ad
1057 1882 1196 1956 Tutica-

125 2019 201 2066 num
217 1991 380 2095 epistolas
395 1992 515 2081 mittit,
532 1992 574 2066 ad
594 1990 764 2093 Hyginum
781 2020 859 2066 vero
877 1992 1012 2068 nullam.
1034 1998 1089 2071 An
1112 1999 1198 2076 forte

126 2104 176 2182 ille
192 2125 245 2182 est
262 2106 306 2181 ad
323 2135 422 2209 quem
439 2134 621 2210 suppresso
638 2109 774 2181 nomine
796 2109 896 2183 toties
919 2112 1061 2186 scribit?
1084 2120 1194 2192 neuti-

126 2251 233 2324 quam.
248 2220 420 2324 Hyginum
432 2221 519 2294 euim
530 2220 707 2295 admodum
717 2248 895 2323 pauperem
907 2224 1085 2304 decessisse
1093 2233 1196 2308 Tran-

127 2340 249 2443 quillus
259 2341 321 2429 ait;
332 2337 472 2414 alterum
483 2337 631 2425 divitem,
640 2336 872 2440 atqueopibus
881 2339 1104 2419 abundantem
1118 2347 1195 2424 fuis·

128 2488 177 2547 se,
196 2461 288 2533 Naso
307 2455 429 2531 diserte
449 2452 600 2556 prodidit
617 2453 671 2527 lris
692 2454 859 2542 versibus,
879 2483 963 2556 quos
989 2457 1031 2531 ad
1052 2462 1194 2539 amicum

127 2575 240 2665 mittit,
251 2571 347 2672 eujus
359 2597 481 2647 nomeu
494 2566 649 2644 consulto
663 2569 827 2670 praeterit,
843 2569 1009 2659 Tn'stium,
1024 2575 1193 2663 1v‚Et.v:

285 2714 327 2771 0!
338 2714 405 2769 mihi
417 2713 525 2768 dilectos
535 2713 606 2768 inter
615 2733 670 2769 sors
684 2713 768 2784 prima
777 2713 891 2782 sodales,

316 2801 405 2856 Unica
416 2799 532 2854 fortunis
543 2818 588 2854 ara
598 2810 702 2870 reperta
712 2799 796 2865 mein

287 2887 374 2958 Cujus
385 2887 418 2943 ab
428 2885 556 2956 adloquiis
567 2884 655 2939 anima
666 2884 721 2940 lanc
731 2884 891 2939 moribunda
900 2887 1005 2957 revixit,

318 2971 359 3025 Ut
368 2968 431 3040 vigil
441 2968 529 3021 inlusa
542 2967 647 3021 Pallade
659 2967 767 3022 flamma
777 2967 843 3023 solet
853 2991 861 3034 ς

289 3056 349 3126 Qui
360 3055 458 3109 veritus
470 3073 525 3107 non
538 3073 565 3108 es
575 3062 668 3123 portus
678 3055 780 3124 aperire
791 3053 899 3122 fideles,

323 3138 448 3194 Fulmina
458 3155 585 3207 peretm
596 3137 802 3207 coniugiumque
813 3138 862 3192 rati
874 3162 882 3203 ;

288 3221 376 3292 Cujus
387 3240 460 3275 eram
472 3240 552 3275 censu
564 3239 620 3274 nou
630 3240 674 3274 me
685 3240 810 3275 sensurus
820 3233 959 3293 egentem,

319 3306 349 3359 Si
363 3303 452 3360 Cesar
463 3303 558 3375 patrias
569 3304 706 3373 eripuisset
717 3324 786 3375 opes

126 3426 252 3500 Deinde
269 3426 305 3498 in
321 3452 359 3497 ea
377 3421 517 3525 epistola
535 3451 632 3511 uxor,
648 3421 747 3499 liberi
765 3441 798 3497 et
815 3423 916 3499 frater
929 3427 1015 3526 ejus,
1033 3430 1076 3503 ad
1091 3462 1188 3535 quern

128 3545 246 3646 scripta
262 3560 334 3628 est,
348 3557 674 3628 commemorantur,
690 3568 831 3640 quorum
840 3541 1040 3632 Suetonius,
1058 3567 1190 3625 eaetero-

129 3662 267 3761 quinon
282 3658 481 3745 omissuros,
492 3655 615 3731 nullam
627 3658 825 3730 mentionem
835 3658 944 3735 habet.
960 3663 1191 3745 Unumautem

127 3793 157 3848 et
172 3775 326 3850 eumdem
342 3803 412 3848 esse
430 3773 675 3860 animadverto,
691 3772 734 3845 ad
748 3802 845 3874 quem
861 3775 1001 3852 Ovidius
1016 3781 1115 3857 tacito
1130 3813 1193 3860 no·

125 3889 209 3962 mine
219 3887 333 3962 literas
342 3888 463 3961 iterum
477 3891 576 3987 atque
590 3885 708 3960 iterum
723 3885 826 3960 dedit.
839 3889 983 3988 lpsemet
996 3894 1082 3967 enim
1097 3900 1189 3974 testis

126 4019 190 4089 est,
204 4001 244 4075 de
260 4000 379 4085 Ponto,
398 4000 458 4075 lib.
476 4002 542 4088 lll,
557 4000 650 4095 Eleg.
666 4018 723 4089 vt,
736 3998 796 4075 u'bi
813 4000 1004 4079 familiarem
1018 4011 1192 4108 quemdam

126 4119 177 4193 lais
192 4118 305 4195 verbis
321 4118 539 4219 adloquitur:

294 4251 352 4319 lpse
365 4269 432 4321 ego,
447 4249 517 4319 quod
529 4248 614 4320 primo
624 4248 713 4318 scripsi
723 4250 779 4303 sine
790 4252 900 4307 nomine
911 4254 998 4323 robis,

329 4334 381 4387 Via
392 4333 506 4390 excusari
518 4352 592 4402 porse
605 4332 670 4405 mihi
682 4333 779 4387 videor.

220 4425 360 4496 rm.
412 4434 417 4445 “
969 4435 989 4495 5
