3159 5134
446 556 543 653 run
567 558 599 623 J.
625 555 856 625 uAsson.
1117 561 1182 626 233

282 698 318 752 Et
327 696 429 769 placui,
445 709 547 768 grutere
558 696 640 764 nihi,
653 704 764 769 caepz'qrc
770 711 852 766 poete

318 789 393 842 lnter
404 788 564 843 inhumanos
576 807 675 843 nomen
688 789 784 845 habere
793 791 884 846 Getas.

283 880 425 934 Materiam
436 880 552 949 queris?
566 879 655 934 laudes
668 880 700 934 de
715 880 818 937 Caere
831 882 892 936 dixi.

317 971 417 1042 Adjuta
429 983 466 1025 est
479 972 581 1029 novitas
594 978 694 1025 numr'vre
704 982 793 1027 nostra
805 975 864 1027 Der:

284 1064 354 1117 Nam
362 1069 446 1130 patris
460 1062 572 1131 Augusti
585 1062 661 1117 docui
675 1067 780 1117 mortale
790 1063 868 1118 luisse

318 1152 440 1222 Corpus;
452 1153 479 1206 in
493 1153 613 1208 etherius
622 1173 711 1207 sumen
723 1155 805 1209 abisse
817 1155 927 1225 domun

286 1244 348 1298 Esse
361 1264 452 1315 parem
464 1246 560 1299 virtute
566 1251 651 1314 patri,
668 1247 713 1315 qui
726 1246 805 1301 frena
818 1257 921 1302 coactus

322 1334 396 1405 Saepe
407 1341 520 1389 recusati
528 1336 627 1406 ceperit
637 1342 739 1406 r'rnperii
747 1348 796 1392 etc.

125 1465 207 1537 Ecce
224 1479 325 1565 poeta
340 1491 410 1535 non
428 1461 530 1537 modo
559 1466 736 1564 Augustum
754 1464 819 1566 jam
841 1467 993 1541 {iunctum
1017 1496 1053 1541 ac
1075 1496 1193 1543 conse·
1312 1556 1313 1559 Ἴ

124 1595 249 1651 eratum
264 1578 329 1652 isto
340 1576 530 1654 laudaverat
543 1577 651 1667 libro,
670 1579 727 1654 sed
741 1597 775 1653 et
787 1580 960 1655 Tiberium
978 1581 1048 1681 ejus
1065 1612 1195 1659 succes·
1285 1660 1290 1671 ,

125 1722 252 1783 sorem,
275 1694 316 1769 ad
332 1695 426 1796 cujus
449 1694 558 1768 fictam
579 1695 709 1770 adludit
728 1696 943 1783 modestiam,
964 1727 1029 1800 qua
1051 1699 1079 1773 is
1103 1699 1195 1775 velut

126 1828 276 1896 coactus,
290 1827 323 1882 et
335 1838 477 1912 querens
486 1810 638 1883 miseram
653 1838 894 1913 onerosumque
907 1810 972 1886 sibi
985 1811 1112 1910 injungi
1126 1842 1194 1889 ser-

127 1927 283 2010 vitntem,
303 1921 476 2024 imperium
493 1924 641 2025 recepit,
665 1924 715 1997 uti
733 1925 842 1998 doceri
858 1953 877 1998 a
893 1925 1010 1999 Tacito
1026 1926 1066 2001 ad
1089 1955 1196 2028 supe-

127 2035 244 2110 riorem
272 2064 421 2125 annum,
448 2065 482 2111 n.
506 2041 551 2137 lp,
571 2037 827 2113 observavimus.
858 2039 967 2134 Igitur
989 2068 1092 2140 quum
1114 2069 1193 2113 mox

129 2151 269 2227 Ovidius
287 2152 406 2242 addat,
425 2182 507 2227 vers.
529 2154 576 2254 39
590 2170 623 2226 et
642 2156 711 2246 40:

473 2301 520 2356 sed
532 2320 574 2355 me
588 2302 660 2370 jam,
674 2300 759 2367 Care,
771 2300 851 2355 nivali

332 2392 425 2447 snm
437 2392 581 2463 relegatum
593 2406 695 2447 unum
706 2392 754 2446 sub
766 2411 812 2445 axe
824 2391 908 2446 videt:

131 2523 215 2596 Hinc
229 2520 440 2596 manifestum
451 2538 521 2608 est,
535 2519 720 2622 Epistulam
731 2521 856 2596 hancce
867 2521 989 2626 bema,
1005 2549 1077 2623 que
1089 2523 1198 2623 prori-

130 2667 181 2713 me
193 2638 342 2734 Augusti
357 2636 486 2711 obitum
500 2656 611 2712 secuta
628 2656 695 2726 est,
713 2637 813 2725 Coro,
834 2639 949 2713 itidem
962 2656 1067 2740 poeta
1084 2648 1106 2728 ¹,
1119 2638 1198 2712 mis-

131 2786 196 2831 sam
208 2786 228 2829 a
240 2758 366 2831 Nostro
381 2755 497 2841 luisse,
511 2755 546 2829 id
562 2774 626 2844 est,
645 2756 697 2831 vel
714 2785 802 2831 auno
820 2757 989 2859 superiore
1007 2756 1196 2842 desinente,

130 2872 255 2947 velhoc
267 2871 467 2973 incipiente,
480 2872 573 2974 quod
582 2873 686 2968 magis
697 2874 779 2948 mibi
794 2872 912 2974 placet.
928 2874 993 2946 Vix
1006 2872 1094 2945 enim
1107 2874 1198 2946 Naso

132 3009 181 3067 tot
196 2991 337 3066 carmina
357 3009 391 3064 et
406 2989 507 3064 latine
524 3007 557 3064 et
576 2990 680 3086 getice
695 3017 826 3064 exarare
840 3007 915 3064 ante
926 2987 1107 3091 superioris
1123 2985 1199 3060 anni

133 3108 229 3182 finem
252 3107 437 3209 potuisset,
457 3124 540 3208 quot
556 3124 632 3181 ante
649 3105 791 3180 vidimus
813 3105 855 3179 ab
872 3134 910 3180 ea
932 3104 1137 3204 conscripta,
1161 3131 1201 3177 ex

136 3255 201 3328 qno
216 3242 374 3315 noverat,
390 3218 582 3322 Augustum
596 3224 788 3311 decessisse,
807 3222 932 3298 scilicet
947 3224 989 3297 ab
1003 3238 1141 3315 exeunte
1153 3223 1202 3295 ci-

137 3347 296 3421 tissimum
319 3344 499 3445 Septembri.
518 3343 677 3415 Praeterea
689 3357 803 3414 monet
820 3340 974 3414 Severum
991 3336 1201 3439 Epistolutt,

136 3491 168 3537 se
185 3464 239 3538 bis
256 3458 465 3563 temporibus
482 3458 589 3532 rarius
603 3485 702 3561 quam
715 3473 790 3530 ante
804 3454 991 3556 scripsisse,
1007 3481 1053 3528 vs.
1069 3450 1201 3527 23-302

296 3610 338 3664 Da
350 3609 454 3662 veniam
467 3605 549 3669 lasum
562 3604 654 3660 studiis
668 3624 773 3676 quoque
786 3603 862 3658 trena
874 3602 963 3657 remisi
975 3623 982 3656 :

331 3701 445 3756 Ducitur
456 3710 483 3753 et
494 3698 581 3770 digitis
591 3702 665 3750 litera
677 3716 737 3750 rara
748 3696 829 3761 meis,
843 3704 891 3749 etc

182 3831 226 3901 ll.
242 3828 393 3903 AESTATE
403 3854 481 3900 vero
492 3824 630 3922 hujusce
639 3823 717 3897 anni
727 3825 817 3897 Naso
827 3818 1013 3924 Epistulam
1023 3840 1047 3894 x
1058 3819 1203 3918 ejusdem

136 3941 212 4017 libri
229 3944 278 4017 lv
295 3941 495 4017 Albtbovono
508 3937 634 4012 Pedoni
648 3945 662 3975 ²
679 3936 790 4024 dedit,
810 3964 912 4037 quum
929 3934 977 4010 sic
992 3932 1204 4009 exordiatur:

168 4144 176 4173 ¹
196 4138 418 4193 Videibid.verc
436 4159 466 4205 1,
483 4158 530 4203 rr,
547 4156 593 4202 n,
607 4135 655 4202 43,
669 4135 718 4201 46,
731 4134 855 4204 acEpist.
868 4150 1010 4203 muers.
1025 4131 1203 4204 7et8,unde

137 4222 228 4293 liquet,
242 4222 345 4277 Carum
355 4222 388 4276 de
404 4224 513 4276 Hercule
524 4237 618 4291 poema
629 4217 758 4288 scripsisse
769 4259 777 4287 ,
787 4228 865 4288 atque
879 4218 991 4273 Nasonis
997 4218 1113 4273 sodalem
1122 4215 1206 4269 luisse.

167 4318 180 4349 ²
196 4317 222 4371 ls
231 4326 297 4370 tunc
308 4314 435 4384 temporis
450 4314 575 4367 Thessalia
582 4309 711 4365 condebat
718 4347 727 4377 ,
740 4327 807 4363 vers.
818 4308 905 4380 μήθ.
