<?xml version="1.0" encoding="UTF-8"?>
<!DOCTYPE html PUBLIC "-//W3C//DTD XHTML 1.0 Transitional//EN"
    "http://www.w3.org/TR/xhtml1/DTD/xhtml1-transitional.dtd">
<html xmlns="http://www.w3.org/1999/xhtml" xml:lang="en" lang="en">
 <head>
  <title>
</title>
<meta http-equiv="Content-Type" content="text/html;charset=utf-8" />
  <meta name='ocr-system' content='tesseract 3.04.00' />
  <meta name='ocr-capabilities' content='ocr_page ocr_carea ocr_par ocr_line ocrx_word'/>
</head>
<body>
  <div class='ocr_page' id='page_1' title='image "./publiusovidiusn00giergoog/publiusovidiusn00giergoog_0161.png"; bbox 0 0 3159 5134; ppageno 0'>
   <div class='ocr_carea' id='block_1_1' title="bbox 487 462 1225 530">
    <p class='ocr_par' dir='ltr' id='par_1_1' title="bbox 487 462 1225 530">
     <span class='ocr_line' id='line_1_1' title="bbox 487 462 1225 530; baseline 0 -1"><span class='ocrx_word' id='word_1_1' title='bbox 487 464 585 530; x_wconf 82' lang='lat' dir='ltr'>PER</span> <span class='ocrx_word' id='word_1_2' title='bbox 609 464 641 529; x_wconf 85' lang='lat' dir='ltr'>J.</span> <span class='ocrx_word' id='word_1_3' title='bbox 667 462 902 530; x_wconf 83' lang='lat' dir='ltr'><strong>MASSON.</strong></span> <span class='ocrx_word' id='word_1_4' title='bbox 1168 466 1225 529; x_wconf 81' lang='lat'>151</span> 
     </span>
    </p>
   </div>
   <div class='ocr_carea' id='block_1_2' title="bbox 162 600 1229 816">
    <p class='ocr_par' dir='ltr' id='par_1_2' title="bbox 162 600 1229 816">
     <span class='ocr_line' id='line_1_2' title="bbox 162 600 1229 703; baseline -0.003 -24"><span class='ocrx_word' id='word_1_5' title='bbox 162 608 230 679; x_wconf 86' lang='lat' dir='ltr'>Nec</span> <span class='ocrx_word' id='word_1_6' title='bbox 246 600 400 677; x_wconf 84' lang='lat' dir='ltr'>hocloco</span> <span class='ocrx_word' id='word_1_7' title='bbox 415 600 643 703; x_wconf 71' lang='lat' dir='ltr'>pretereunda</span> <span class='ocrx_word' id='word_1_8' title='bbox 660 601 759 676; x_wconf 69' lang='lat' dir='ltr'>Livio</span> <span class='ocrx_word' id='word_1_9' title='bbox 770 601 922 702; x_wconf 86' lang='lat' dir='ltr'>porticus</span> <span class='ocrx_word' id='word_1_10' title='bbox 935 601 1131 702; x_wconf 80' lang='lat' dir='ltr'>descriptio,</span> <span class='ocrx_word' id='word_1_11' title='bbox 1144 602 1229 676; x_wconf 87' lang='lat' dir='ltr'>Dio-</span> 
     </span>
     <span class='ocr_line' id='line_1_3' title="bbox 163 713 1227 816; baseline -0.007 -23"><span class='ocrx_word' id='word_1_12' title='bbox 163 717 442 792; x_wconf 79' lang='lat' dir='ltr'>nisnarrationem</span> <span class='ocrx_word' id='word_1_13' title='bbox 455 716 546 789; x_wconf 80' lang='lat' dir='ltr'>hand</span> <span class='ocrx_word' id='word_1_14' title='bbox 556 743 672 816; x_wconf 81' lang='lat' dir='ltr'>parom</span> <span class='ocrx_word' id='word_1_15' title='bbox 687 713 875 802; x_wconf 77' lang='lat' dir='ltr'>illustrans,</span> <span class='ocrx_word' id='word_1_16' title='bbox 892 743 989 815; x_wconf 83' lang='lat' dir='ltr'>quam</span> <span class='ocrx_word' id='word_1_17' title='bbox 1003 716 1125 789; x_wconf 78' lang='lat' dir='ltr'>Noster</span> <span class='ocrx_word' id='word_1_18' title='bbox 1138 715 1227 789; x_wconf 81' lang='lat' dir='ltr'>erhi-</span> 
     </span>
    </p>
   </div>
   <div class='ocr_carea' id='block_1_3' title="bbox 161 829 900 932">
    <p class='ocr_par' dir='ltr' id='par_1_3' title="bbox 161 829 900 932">
     <span class='ocr_line' id='line_1_4' title="bbox 161 829 900 932; baseline -0.008 -24"><span class='ocrx_word' id='word_1_19' title='bbox 161 834 220 908; x_wconf 82' lang='lat' dir='ltr'>bet</span> <span class='ocrx_word' id='word_1_20' title='bbox 235 835 363 907; x_wconf 83' lang='lat' dir='ltr'>Fastor.</span> <span class='ocrx_word' id='word_1_21' title='bbox 383 831 441 906; x_wconf 87' lang='lat' dir='ltr'>lib.</span> <span class='ocrx_word' id='word_1_22' title='bbox 456 834 521 921; x_wconf 88' lang='lat' dir='ltr'>Vl,</span> <span class='ocrx_word' id='word_1_23' title='bbox 539 858 620 906; x_wconf 88' lang='lat' dir='ltr'>vers.</span> <span class='ocrx_word' id='word_1_24' title='bbox 642 829 828 932; x_wconf 75' lang='lat'>639-646:</span> <span class='ocrx_word' id='word_1_25' title='bbox 896 877 900 884; x_wconf 35' lang='lat'><em>*</em></span> 
     </span>
    </p>
   </div>
   <div class='ocr_carea' id='block_1_4' title="bbox 324 1002 1044 1713">
    <p class='ocr_par' dir='ltr' id='par_1_4' title="bbox 326 1002 1014 1156">
     <span class='ocr_line' id='line_1_5' title="bbox 326 1002 1014 1068; baseline -0.001 -10"><span class='ocrx_word' id='word_1_26' title='bbox 326 1003 404 1058; x_wconf 77' lang='lat' dir='ltr'>Disce</span> <span class='ocrx_word' id='word_1_27' title='bbox 419 1014 507 1057; x_wconf 80' lang='lat' dir='ltr'>tamen</span> <span class='ocrx_word' id='word_1_28' title='bbox 519 1042 526 1068; x_wconf 90' lang='lat'>,</span> <span class='ocrx_word' id='word_1_29' title='bbox 538 1002 648 1056; x_wconf 79' lang='lat' dir='ltr'>veniens</span> <span class='ocrx_word' id='word_1_30' title='bbox 660 1013 734 1068; x_wconf 68' lang='lat' dir='ltr'>etas,</span> <span class='ocrx_word' id='word_1_31' title='bbox 749 1002 794 1056; x_wconf 89' lang='lat' dir='ltr'>ubi</span> <span class='ocrx_word' id='word_1_32' title='bbox 807 1003 881 1056; x_wconf 64' lang='grc' dir='ltr'>Ποία</span> <span class='ocrx_word' id='word_1_33' title='bbox 891 1022 964 1056; x_wconf 89' lang='lat' dir='ltr'>nnnc</span> <span class='ocrx_word' id='word_1_34' title='bbox 975 1014 1014 1057; x_wconf 79' lang='lat' dir='ltr'>est</span> 
     </span>
     <span class='ocr_line' id='line_1_6' title="bbox 358 1093 921 1156; baseline 0.002 -9"><span class='ocrx_word' id='word_1_35' title='bbox 358 1096 485 1156; x_wconf 75' lang='lat' dir='ltr'><em>Porticus,</em></span> <span class='ocrx_word' id='word_1_36' title='bbox 499 1093 635 1148; x_wconf 66' lang='lat' dir='ltr'>immense</span> <span class='ocrx_word' id='word_1_37' title='bbox 646 1104 714 1148; x_wconf 82' lang='lat' dir='ltr'>tecta</span> <span class='ocrx_word' id='word_1_38' title='bbox 726 1093 806 1147; x_wconf 73' lang='lat' dir='ltr'>[uisse</span> <span class='ocrx_word' id='word_1_39' title='bbox 819 1093 921 1149; x_wconf 84' lang='lat' dir='ltr'>domus.</span> 
     </span>
    </p>

    <p class='ocr_par' dir='ltr' id='par_1_5' title="bbox 324 1184 1044 1347">
     <span class='ocr_line' id='line_1_7' title="bbox 324 1184 1044 1260; baseline -0.003 -21"><span class='ocrx_word' id='word_1_40' title='bbox 324 1184 480 1260; x_wconf 21' lang='lat' dir='ltr'>Urbis-opus</span> <span class='ocrx_word' id='word_1_41' title='bbox 491 1184 586 1239; x_wconf 80' lang='lat' dir='ltr'>domus</span> <span class='ocrx_word' id='word_1_42' title='bbox 598 1203 652 1239; x_wconf 82' lang='lat' dir='ltr'>une</span> <span class='ocrx_word' id='word_1_43' title='bbox 662 1184 715 1238; x_wconf 80' lang='lat' dir='ltr'>tuit</span> <span class='ocrx_word' id='word_1_44' title='bbox 724 1207 731 1249; x_wconf 89' lang='lat'><strong>;</strong></span> <span class='ocrx_word' id='word_1_45' title='bbox 741 1185 907 1254; x_wconf 72' lang='lat' dir='ltr'>spatiumque</span> <span class='ocrx_word' id='word_1_46' title='bbox 921 1184 1044 1251; x_wconf 73' lang='lat' dir='ltr'>tenebat,</span> 
     </span>
     <span class='ocr_line' id='line_1_8' title="bbox 360 1275 943 1347; baseline 0 -18"><span class='ocrx_word' id='word_1_47' title='bbox 360 1277 424 1347; x_wconf 84' lang='lat' dir='ltr'>Quo</span> <span class='ocrx_word' id='word_1_48' title='bbox 434 1277 538 1330; x_wconf 70' lang='lat' dir='ltr'>brevium</span> <span class='ocrx_word' id='word_1_49' title='bbox 549 1277 632 1330; x_wconf 85' lang='lat' dir='ltr'>muris</span> <span class='ocrx_word' id='word_1_50' title='bbox 642 1275 736 1347; x_wconf 84' lang='lat' dir='ltr'>oppida</span> <span class='ocrx_word' id='word_1_51' title='bbox 748 1275 832 1330; x_wconf 78' lang='lat' dir='ltr'>multe</span> <span class='ocrx_word' id='word_1_52' title='bbox 842 1287 943 1331; x_wconf 83' lang='lat' dir='ltr'>tenent.</span> 
     </span>
    </p>

    <p class='ocr_par' dir='ltr' id='par_1_6' title="bbox 326 1367 1008 1528">
     <span class='ocr_line' id='line_1_9' title="bbox 326 1367 1008 1439; baseline 0 -17"><span class='ocrx_word' id='word_1_53' title='bbox 326 1368 393 1422; x_wconf 69' lang='lat' dir='ltr'>Haec</span> <span class='ocrx_word' id='word_1_54' title='bbox 405 1378 505 1439; x_wconf 67' lang='lat' dir='ltr'>equata</span> <span class='ocrx_word' id='word_1_55' title='bbox 518 1367 574 1421; x_wconf 87' lang='lat' dir='ltr'>solo</span> <span class='ocrx_word' id='word_1_56' title='bbox 587 1378 642 1436; x_wconf 78' lang='lat' dir='ltr'>est,</span> <span class='ocrx_word' id='word_1_57' title='bbox 652 1367 726 1421; x_wconf 82' lang='lat' dir='ltr'>nulio</span> <span class='ocrx_word' id='word_1_58' title='bbox 737 1368 784 1421; x_wconf 82' lang='lat' dir='ltr'>sub</span> <span class='ocrx_word' id='word_1_59' title='bbox 797 1368 906 1422; x_wconf 72' lang='lat' dir='ltr'>ommino</span> <span class='ocrx_word' id='word_1_60' title='bbox 916 1370 1008 1439; x_wconf 73' lang='lat' dir='ltr'>regni,</span> 
     </span>
     <span class='ocr_line' id='line_1_10' title="bbox 358 1455 833 1528; baseline 0 -16"><span class='ocrx_word' id='word_1_61' title='bbox 358 1455 411 1513; x_wconf 83' lang='lat' dir='ltr'>Sed</span> <span class='ocrx_word' id='word_1_62' title='bbox 423 1460 483 1528; x_wconf 82' lang='lat' dir='ltr'>quia</span> <span class='ocrx_word' id='word_1_63' title='bbox 498 1457 598 1511; x_wconf 79' lang='lat' dir='ltr'>luxuria</span> <span class='ocrx_word' id='word_1_64' title='bbox 609 1459 663 1511; x_wconf 77' lang='lat' dir='ltr'>visa</span> <span class='ocrx_word' id='word_1_65' title='bbox 673 1478 768 1512; x_wconf 87' lang='lat' dir='ltr'>nocere</span> <span class='ocrx_word' id='word_1_66' title='bbox 780 1478 833 1512; x_wconf 77' lang='lat' dir='ltr'>sna.</span> 
     </span>
    </p>

    <p class='ocr_par' dir='ltr' id='par_1_7' title="bbox 328 1549 951 1713">
     <span class='ocr_line' id='line_1_11' title="bbox 328 1549 951 1619; baseline -0.002 -14"><span class='ocrx_word' id='word_1_67' title='bbox 328 1549 459 1605; x_wconf 75' lang='lat' dir='ltr'>Sustinuit</span> <span class='ocrx_word' id='word_1_68' title='bbox 470 1561 555 1605; x_wconf 70' lang='lat' dir='ltr'>tanta</span> <span class='ocrx_word' id='word_1_69' title='bbox 565 1569 676 1619; x_wconf 86' lang='lat' dir='ltr'>operum</span> <span class='ocrx_word' id='word_1_70' title='bbox 688 1549 840 1605; x_wconf 77' lang='lat' dir='ltr'>subvertere</span> <span class='ocrx_word' id='word_1_71' title='bbox 853 1550 951 1617; x_wconf 80' lang='lat' dir='ltr'>moles,</span> 
     </span>
     <span class='ocr_line' id='line_1_12' title="bbox 358 1642 922 1713; baseline -0.004 -16"><span class='ocrx_word' id='word_1_72' title='bbox 358 1644 463 1713; x_wconf 83' lang='lat' dir='ltr'>Totque</span> <span class='ocrx_word' id='word_1_73' title='bbox 474 1661 533 1697; x_wconf 82' lang='lat' dir='ltr'>snas</span> <span class='ocrx_word' id='word_1_74' title='bbox 542 1645 622 1697; x_wconf 70' lang='lat' dir='ltr'>teres</span> <span class='ocrx_word' id='word_1_75' title='bbox 632 1642 742 1712; x_wconf 79' lang='lat' dir='ltr'>perdere</span> <span class='ocrx_word' id='word_1_76' title='bbox 757 1645 844 1696; x_wconf 68' lang='lat' dir='ltr'>Cesar</span> <span class='ocrx_word' id='word_1_77' title='bbox 852 1660 922 1711; x_wconf 72' lang='lat' dir='ltr'>opes</span> 
     </span>
    </p>
   </div>
   <div class='ocr_carea' id='block_1_5' title="bbox 160 1781 1226 2914">
    <p class='ocr_par' dir='ltr' id='par_1_8' title="bbox 160 1781 1226 2914">
     <span class='ocr_line' id='line_1_13' title="bbox 206 1781 1224 1886; baseline 0 -28"><span class='ocrx_word' id='word_1_78' title='bbox 206 1789 249 1858; x_wconf 89' lang='lat' dir='ltr'>V.</span> <span class='ocrx_word' id='word_1_79' title='bbox 272 1786 434 1860; x_wconf 79' lang='lat' dir='ltr'>Caetemm</span> <span class='ocrx_word' id='word_1_80' title='bbox 453 1781 721 1886; x_wconf 81' lang='lat' dir='ltr'>quandoquidem</span> <span class='ocrx_word' id='word_1_81' title='bbox 744 1783 922 1885; x_wconf 75' lang='lat' dir='ltr'><em>Propertius</em></span> <span class='ocrx_word' id='word_1_82' title='bbox 946 1812 1032 1857; x_wconf 84' lang='lat' dir='ltr'>anno</span> <span class='ocrx_word' id='word_1_83' title='bbox 1058 1785 1224 1884; x_wconf 74' lang='lat' dir='ltr'>preterito</span> 
     </span>
     <span class='ocr_line' id='line_1_14' title="bbox 163 1899 1225 2005; baseline -0.004 -27"><span class='ocrx_word' id='word_1_84' title='bbox 163 1922 386 2005; x_wconf 86' lang='lat' dir='ltr'>postremum,</span> <span class='ocrx_word' id='word_1_85' title='bbox 404 1901 495 2001; x_wconf 87' lang='lat' dir='ltr'>quod</span> <span class='ocrx_word' id='word_1_86' title='bbox 512 1901 547 1973; x_wconf 88' lang='lat' dir='ltr'>in</span> <span class='ocrx_word' id='word_1_87' title='bbox 562 1900 631 1999; x_wconf 82' lang='lat' dir='ltr'>ejus</span> <span class='ocrx_word' id='word_1_88' title='bbox 649 1901 807 2001; x_wconf 88' lang='lat' dir='ltr'>operibns</span> <span class='ocrx_word' id='word_1_89' title='bbox 825 1899 987 1988; x_wconf 86' lang='lat' dir='ltr'>occurrit,</span> <span class='ocrx_word' id='word_1_90' title='bbox 1005 1925 1134 1973; x_wconf 84' lang='lat' dir='ltr'>carmen</span> <span class='ocrx_word' id='word_1_91' title='bbox 1152 1928 1225 1974; x_wconf 82' lang='lat' dir='ltr'>exa·</span> 
     </span>
     <span class='ocr_line' id='line_1_15' title="bbox 161 2015 1224 2119; baseline -0.004 -23"><span class='ocrx_word' id='word_1_92' title='bbox 161 2023 265 2108; x_wconf 84' lang='lat' dir='ltr'>ravit,</span> <span class='ocrx_word' id='word_1_93' title='bbox 281 2037 321 2094; x_wconf 87' lang='lat' dir='ltr'>ut</span> <span class='ocrx_word' id='word_1_94' title='bbox 336 2023 372 2093; x_wconf 89' lang='lat' dir='ltr'>in</span> <span class='ocrx_word' id='word_1_95' title='bbox 387 2020 457 2119; x_wconf 86' lang='lat' dir='ltr'>ejus</span> <span class='ocrx_word' id='word_1_96' title='bbox 470 2017 548 2093; x_wconf 82' lang='lat' dir='ltr'>Vita</span> <span class='ocrx_word' id='word_1_97' title='bbox 563 2019 670 2093; x_wconf 75' lang='lat' dir='ltr'>insius</span> <span class='ocrx_word' id='word_1_98' title='bbox 685 2018 965 2105; x_wconf 83' lang='lat' dir='ltr'>demonstramus,</span> <span class='ocrx_word' id='word_1_99' title='bbox 982 2025 1045 2092; x_wconf 81' lang='lat' dir='ltr'>nec&#39;</span> <span class='ocrx_word' id='word_1_100' title='bbox 1052 2015 1141 2092; x_wconf 88' lang='lat' dir='ltr'>aliud</span> <span class='ocrx_word' id='word_1_101' title='bbox 1154 2035 1224 2105; x_wconf 81' lang='lat' dir='ltr'>est,</span> 
     </span>
     <span class='ocr_line' id='line_1_16' title="bbox 161 2122 1224 2239; baseline -0.006 -27"><span class='ocrx_word' id='word_1_102' title='bbox 161 2138 252 2239; x_wconf 89' lang='lat' dir='ltr'>qnod</span> <span class='ocrx_word' id='word_1_103' title='bbox 270 2122 568 2236; x_wconf 28' lang='lat' dir='ltr'>ad‘snbseqnentcs</span> <span class='ocrx_word' id='word_1_104' title='bbox 589 2163 694 2208; x_wconf 85' lang='lat' dir='ltr'>annos</span> <span class='ocrx_word' id='word_1_105' title='bbox 718 2134 838 2209; x_wconf 86' lang='lat' dir='ltr'>referre</span> <span class='ocrx_word' id='word_1_106' title='bbox 860 2161 920 2235; x_wconf 93' lang='lat' dir='ltr'>per</span> <span class='ocrx_word' id='word_1_107' title='bbox 942 2150 1046 2208; x_wconf 76' lang='lat' dir='ltr'>certas</span> <span class='ocrx_word' id='word_1_108' title='bbox 1066 2132 1224 2234; x_wconf 86' lang='lat' dir='ltr'>temporis</span> 
     </span>
     <span class='ocr_line' id='line_1_17' title="bbox 160 2248 1224 2350; baseline -0.001 -26"><span class='ocrx_word' id='word_1_109' title='bbox 160 2271 257 2325; x_wconf 86' lang='lat' dir='ltr'>notas</span> <span class='ocrx_word' id='word_1_110' title='bbox 273 2250 389 2336; x_wconf 80' lang='lat' dir='ltr'>liceat,</span> <span class='ocrx_word' id='word_1_111' title='bbox 410 2249 488 2323; x_wconf 88' lang='lat' dir='ltr'>hinc</span> <span class='ocrx_word' id='word_1_112' title='bbox 502 2250 573 2348; x_wconf 88' lang='lat' dir='ltr'>ejus</span> <span class='ocrx_word' id='word_1_113' title='bbox 585 2249 712 2324; x_wconf 91' lang='lat' dir='ltr'>obitum</span> <span class='ocrx_word' id='word_1_114' title='bbox 724 2248 864 2324; x_wconf 87' lang='lat' dir='ltr'>ulterius</span> <span class='ocrx_word' id='word_1_115' title='bbox 874 2249 1151 2350; x_wconf 84' lang='lat' dir='ltr'>protrahendum,</span> <span class='ocrx_word' id='word_1_116' title='bbox 1166 2277 1224 2323; x_wconf 91' lang='lat' dir='ltr'>ne-</span> 
     </span>
     <span class='ocr_line' id='line_1_18' title="bbox 162 2365 1223 2471; baseline -0.003 -27"><span class='ocrx_word' id='word_1_117' title='bbox 162 2397 328 2471; x_wconf 82' lang='lat' dir='ltr'><strong>quaquam</strong></span> <span class='ocrx_word' id='word_1_118' title='bbox 341 2365 556 2452; x_wconf 81' lang='lat' dir='ltr'>nrbitramur3</span> <span class='ocrx_word' id='word_1_119' title='bbox 572 2366 711 2438; x_wconf 81' lang='lat' dir='ltr'>maxime</span> <span class='ocrx_word' id='word_1_120' title='bbox 725 2395 828 2466; x_wconf 87' lang='lat' dir='ltr'>quum</span> <span class='ocrx_word' id='word_1_121' title='bbox 844 2385 989 2454; x_wconf 83' lang='lat' dir='ltr'>constet,</span> <span class='ocrx_word' id='word_1_122' title='bbox 1003 2368 1129 2441; x_wconf 86' lang='lat' dir='ltr'>huncce</span> <span class='ocrx_word' id='word_1_123' title='bbox 1144 2396 1223 2469; x_wconf 91' lang='lat' dir='ltr'>poe·</span> 
     </span>
     <span class='ocr_line' id='line_1_19' title="bbox 161 2481 1224 2585; baseline -0.004 -25"><span class='ocrx_word' id='word_1_124' title='bbox 161 2504 226 2560; x_wconf 74' lang='lat' dir='ltr'>tom</span> <span class='ocrx_word' id='word_1_125' title='bbox 235 2487 304 2585; x_wconf 82' lang='lat' dir='ltr'>jam</span> <span class='ocrx_word' id='word_1_126' title='bbox 317 2500 391 2556; x_wconf 87' lang='lat' dir='ltr'>ante</span> <span class='ocrx_word' id='word_1_127' title='bbox 405 2481 524 2555; x_wconf 80' lang='lat' dir='ltr'>editam</span> <span class='ocrx_word' id='word_1_128' title='bbox 536 2483 648 2556; x_wconf 84' lang='lat' dir='ltr'><em>Artem</em></span> <span class='ocrx_word' id='word_1_129' title='bbox 663 2482 861 2556; x_wconf 68' lang='lat' dir='ltr'>Amatoriom</span> <span class='ocrx_word' id='word_1_130' title='bbox 875 2492 884 2521; x_wconf 94' lang='lat'>¹</span> <span class='ocrx_word' id='word_1_131' title='bbox 898 2481 1083 2558; x_wconf 76' lang='lat' dir='ltr'>decessisse.</span> <span class='ocrx_word' id='word_1_132' title='bbox 1098 2482 1224 2556; x_wconf 88' lang='lat' dir='ltr'>ldcirco</span> 
     </span>
     <span class='ocr_line' id='line_1_20' title="bbox 161 2593 1226 2700; baseline -0.001 -30"><span class='ocrx_word' id='word_1_133' title='bbox 161 2627 233 2700; x_wconf 78' lang='lat' dir='ltr'>quoe</span> <span class='ocrx_word' id='word_1_134' title='bbox 246 2599 370 2670; x_wconf 80' lang='lat' dir='ltr'>Noster</span> <span class='ocrx_word' id='word_1_135' title='bbox 385 2593 424 2670; x_wconf 90' lang='lat' dir='ltr'>de</span> <span class='ocrx_word' id='word_1_136' title='bbox 436 2624 470 2670; x_wconf 87' lang='lat' dir='ltr'>se</span> <span class='ocrx_word' id='word_1_137' title='bbox 483 2593 573 2668; x_wconf 85' lang='lat' dir='ltr'>velut</span> <span class='ocrx_word' id='word_1_138' title='bbox 589 2595 744 2695; x_wconf 74' lang='lat' dir='ltr'>Propertii</span> <span class='ocrx_word' id='word_1_139' title='bbox 754 2622 941 2669; x_wconf 84' lang='lat' dir='ltr'>successore</span> <span class='ocrx_word' id='word_1_140' title='bbox 955 2597 1062 2685; x_wconf 85' lang='lat' dir='ltr'>canit,</span> <span class='ocrx_word' id='word_1_141' title='bbox 1075 2595 1130 2669; x_wconf 79' lang='lat' dir='ltr'>illo</span> <span class='ocrx_word' id='word_1_142' title='bbox 1145 2625 1226 2671; x_wconf 89' lang='lat' dir='ltr'>con·</span> 
     </span>
     <span class='ocr_line' id='line_1_21' title="bbox 161 2709 1226 2813; baseline -0.003 -25"><span class='ocrx_word' id='word_1_143' title='bbox 161 2713 293 2788; x_wconf 78' lang='lat' dir='ltr'>firmant</span> <span class='ocrx_word' id='word_1_144' title='bbox 306 2711 458 2813; x_wconf 84' lang='lat' dir='ltr'>superius</span> <span class='ocrx_word' id='word_1_145' title='bbox 470 2740 488 2785; x_wconf 81' lang='lat' dir='ltr'>a</span> <span class='ocrx_word' id='word_1_146' title='bbox 502 2709 603 2785; x_wconf 93' lang='lat' dir='ltr'>nobis</span> <span class='ocrx_word' id='word_1_147' title='bbox 615 2709 655 2782; x_wconf 87' lang='lat' dir='ltr'>de</span> <span class='ocrx_word' id='word_1_148' title='bbox 667 2710 773 2811; x_wconf 85' lang='lat' dir='ltr'>prima</span> <span class='ocrx_word' id='word_1_149' title='bbox 783 2710 946 2785; x_wconf 83' lang='lat' dir='ltr'>librorum</span> <span class='ocrx_word' id='word_1_150' title='bbox 959 2711 1029 2811; x_wconf 77' lang='lat' dir='ltr'>ejus</span> <span class='ocrx_word' id='word_1_151' title='bbox 1042 2712 1105 2787; x_wconf 91' lang='lat' dir='ltr'>sub</span> <span class='ocrx_word' id='word_1_152' title='bbox 1119 2715 1226 2789; x_wconf 89' lang='lat' dir='ltr'>Amo-</span> 
     </span>
     <span class='ocr_line' id='line_1_22' title="bbox 160 2823 1223 2914; baseline -0.003 -12"><span class='ocrx_word' id='word_1_153' title='bbox 160 2858 224 2902; x_wconf 84' lang='lat' dir='ltr'>rum</span> <span class='ocrx_word' id='word_1_154' title='bbox 236 2827 336 2903; x_wconf 81' lang='lat' dir='ltr'>titulo</span> <span class='ocrx_word' id='word_1_155' title='bbox 350 2825 495 2902; x_wconf 77' lang='lat' dir='ltr'>editione</span> <span class='ocrx_word' id='word_1_156' title='bbox 508 2826 604 2899; x_wconf 79' lang='lat' dir='ltr'>dicto.</span> <span class='ocrx_word' id='word_1_157' title='bbox 624 2823 758 2899; x_wconf 86' lang='lat' dir='ltr'>Scilicet</span> <span class='ocrx_word' id='word_1_158' title='bbox 773 2824 839 2913; x_wconf 82' lang='lat' dir='ltr'>ait,</span> <span class='ocrx_word' id='word_1_159' title='bbox 856 2826 957 2901; x_wconf 84' lang='lat' dir='ltr'>Trist.</span> <span class='ocrx_word' id='word_1_160' title='bbox 984 2826 1044 2900; x_wconf 83' lang='lat' dir='ltr'>tib.</span> <span class='ocrx_word' id='word_1_161' title='bbox 1068 2829 1122 2914; x_wconf 87' lang='lat' dir='ltr'>ll,</span> <span class='ocrx_word' id='word_1_162' title='bbox 1141 2855 1223 2901; x_wconf 86' lang='lat' dir='ltr'>vers.</span> 
     </span>
    </p>
   </div>
   <div class='ocr_carea' id='block_1_6' title="bbox 162 2944 343 3047">
    <p class='ocr_par' dir='ltr' id='par_1_9' title="bbox 162 2944 343 3047">
     <span class='ocr_line' id='line_1_23' title="bbox 162 2944 343 3047; baseline 0.006 -29"><span class='ocrx_word' id='word_1_163' title='bbox 162 2944 343 3047; x_wconf 66' lang='lat' dir='ltr'>eos-4672</span> 
     </span>
    </p>
   </div>
   <div class='ocr_carea' id='block_1_7' title="bbox 325 3090 966 3526">
    <p class='ocr_par' dir='ltr' id='par_1_10' title="bbox 325 3090 966 3526">
     <span class='ocr_line' id='line_1_24' title="bbox 542 3090 847 3160; baseline 0.003 -17.833"><span class='ocrx_word' id='word_1_164' title='bbox 542 3090 701 3160; x_wconf 62' lang='lat' dir='ltr'>legiturque</span> <span class='ocrx_word' id='word_1_165' title='bbox 719 3092 847 3155; x_wconf 68' lang='lat' dir='ltr'>Tibullus,</span> 
     </span>
     <span class='ocr_line' id='line_1_25' title="bbox 359 3180 941 3252; baseline -0.003 -16"><span class='ocrx_word' id='word_1_166' title='bbox 359 3182 395 3236; x_wconf 86' lang='lat' dir='ltr'>Et</span> <span class='ocrx_word' id='word_1_167' title='bbox 405 3182 504 3252; x_wconf 71' lang='lat' dir='ltr'>pheor,</span> <span class='ocrx_word' id='word_1_168' title='bbox 516 3191 543 3234; x_wconf 85' lang='lat' dir='ltr'>et</span> <span class='ocrx_word' id='word_1_169' title='bbox 553 3180 607 3249; x_wconf 74' lang='lat' dir='ltr'>jorn</span> <span class='ocrx_word' id='word_1_170' title='bbox 619 3190 646 3233; x_wconf 83' lang='lat' dir='ltr'>te</span> <span class='ocrx_word' id='word_1_171' title='bbox 658 3181 774 3250; x_wconf 83' lang='lat' dir='ltr'>principe</span> <span class='ocrx_word' id='word_1_172' title='bbox 785 3191 866 3236; x_wconf 74' lang='lat' dir='ltr'>notus</span> <span class='ocrx_word' id='word_1_173' title='bbox 877 3193 941 3236; x_wconf 75' lang='lat' dir='ltr'>erat.</span> 
     </span>
     <span class='ocr_line' id='line_1_26' title="bbox 325 3271 934 3341; baseline -0.005 -12"><span class='ocrx_word' id='word_1_174' title='bbox 325 3274 448 3329; x_wconf 83' lang='lat' dir='ltr'>Invenies</span> <span class='ocrx_word' id='word_1_175' title='bbox 460 3272 552 3326; x_wconf 78' lang='lat' dir='ltr'>eadem</span> <span class='ocrx_word' id='word_1_176' title='bbox 564 3271 651 3325; x_wconf 76' lang='lat' dir='ltr'>btmdi</span> <span class='ocrx_word' id='word_1_177' title='bbox 662 3284 790 3341; x_wconf 67' lang='lat' dir='ltr'>proceptn</span> <span class='ocrx_word' id='word_1_178' title='bbox 801 3277 916 3341; x_wconf 62' lang='lat' dir='ltr'>hoperti</span> <span class='ocrx_word' id='word_1_179' title='bbox 926 3294 934 3326; x_wconf 83' lang='lat'>.·</span> 
     </span>
     <span class='ocr_line' id='line_1_27' title="bbox 360 3364 966 3420; baseline 0.005 -3"><span class='ocrx_word' id='word_1_180' title='bbox 360 3364 500 3418; x_wconf 81' lang='lat' dir='ltr'>Districttn</span> <span class='ocrx_word' id='word_1_181' title='bbox 511 3364 620 3417; x_wconf 78' lang='lat' dir='ltr'>minima</span> <span class='ocrx_word' id='word_1_182' title='bbox 632 3381 682 3417; x_wconf 86' lang='lat' dir='ltr'>nec</span> <span class='ocrx_word' id='word_1_183' title='bbox 693 3374 782 3418; x_wconf 83' lang='lat' dir='ltr'>tamen</span> <span class='ocrx_word' id='word_1_184' title='bbox 791 3364 834 3418; x_wconf 75' lang='lat' dir='ltr'>itte</span> <span class='ocrx_word' id='word_1_185' title='bbox 846 3377 910 3420; x_wconf 77' lang='lat' dir='ltr'>nota</span> <span class='ocrx_word' id='word_1_186' title='bbox 921 3377 966 3420; x_wconf 79' lang='lat' dir='ltr'>est.</span> 
     </span>
     <span class='ocr_line' id='line_1_28' title="bbox 327 3455 567 3526; baseline -0.008 -17"><span class='ocrx_word' id='word_1_187' title='bbox 327 3455 377 3509; x_wconf 84' lang='lat' dir='ltr'>H&#39;n</span> <span class='ocrx_word' id='word_1_188' title='bbox 390 3474 440 3526; x_wconf 79' lang='lat' dir='ltr'>ego</span> <span class='ocrx_word' id='word_1_189' title='bbox 450 3457 567 3511; x_wconf 75' lang='lat' dir='ltr'>successi.</span> 
     </span>
    </p>
   </div>
   <div class='ocr_carea' id='block_1_8' title="bbox 163 3598 935 3696">
    <p class='ocr_par' dir='ltr' id='par_1_11' title="bbox 163 3598 935 3696">
     <span class='ocr_line' id='line_1_29' title="bbox 163 3598 935 3696; baseline -0.004 -21"><span class='ocrx_word' id='word_1_190' title='bbox 163 3618 197 3675; x_wconf 84' lang='lat' dir='ltr'>et</span> <span class='ocrx_word' id='word_1_191' title='bbox 209 3601 312 3674; x_wconf 82' lang='lat' dir='ltr'>Trist</span> <span class='ocrx_word' id='word_1_192' title='bbox 329 3598 389 3672; x_wconf 86' lang='lat' dir='ltr'>lib.</span> <span class='ocrx_word' id='word_1_193' title='bbox 408 3602 468 3689; x_wconf 81' lang='lat' dir='ltr'>w,</span> <span class='ocrx_word' id='word_1_194' title='bbox 486 3599 578 3696; x_wconf 78' lang='lat' dir='ltr'>Eleg.</span> <span class='ocrx_word' id='word_1_195' title='bbox 597 3622 637 3689; x_wconf 83' lang='lat' dir='ltr'>x,</span> <span class='ocrx_word' id='word_1_196' title='bbox 653 3628 736 3675; x_wconf 85' lang='lat' dir='ltr'>vers.</span> <span class='ocrx_word' id='word_1_197' title='bbox 756 3599 802 3674; x_wconf 81' lang='lat'>53</span> <span class='ocrx_word' id='word_1_198' title='bbox 814 3618 849 3675; x_wconf 84' lang='lat' dir='ltr'>ct</span> <span class='ocrx_word' id='word_1_199' title='bbox 868 3598 935 3693; x_wconf 71' lang='lat'>54:</span> 
     </span>
    </p>
   </div>
   <div class='ocr_carea' id='block_1_9' title="bbox 328 3768 1134 3934">
    <p class='ocr_par' dir='ltr' id='par_1_12' title="bbox 328 3768 1134 3934">
     <span class='ocr_line' id='line_1_30' title="bbox 328 3768 1134 3838; baseline -0.005 -13"><span class='ocrx_word' id='word_1_200' title='bbox 328 3770 467 3826; x_wconf 65' lang='lat' dir='ltr'>somme</span> <span class='ocrx_word' id='word_1_201' title='bbox 475 3770 527 3826; x_wconf 73' lang='lat' dir='ltr'>snit</span> <span class='ocrx_word' id='word_1_202' title='bbox 538 3772 580 3826; x_wconf 84' lang='lat' dir='ltr'>hic</span> <span class='ocrx_word' id='word_1_203' title='bbox 594 3773 742 3838; x_wconf 70' lang='lat' dir='ltr'>(Tibullus).</span> <span class='ocrx_word' id='word_1_204' title='bbox 750 3771 814 3837; x_wconf 77' lang='lat' dir='ltr'>eibi,</span> <span class='ocrx_word' id='word_1_205' title='bbox 829 3772 906 3824; x_wconf 82' lang='lat' dir='ltr'>Galle</span> <span class='ocrx_word' id='word_1_206' title='bbox 912 3788 923 3834; x_wconf 87' lang='lat'>,·</span> <span class='ocrx_word' id='word_1_207' title='bbox 934 3772 1078 3837; x_wconf 80' lang='lat' dir='ltr'>Propertius</span> <span class='ocrx_word' id='word_1_208' title='bbox 1089 3768 1134 3822; x_wconf 79' lang='lat' dir='ltr'>ilii.</span> 
     </span>
     <span class='ocr_line' id='line_1_31' title="bbox 366 3859 921 3934; baseline -0.004 -19"><span class='ocrx_word' id='word_1_209' title='bbox 366 3864 476 3928; x_wconf 75' lang='lat' dir='ltr'>Quartus</span> <span class='ocrx_word' id='word_1_210' title='bbox 487 3862 519 3915; x_wconf 83' lang='lat' dir='ltr'>ab</span> <span class='ocrx_word' id='word_1_211' title='bbox 530 3860 571 3915; x_wconf 85' lang='lat' dir='ltr'>his</span> <span class='ocrx_word' id='word_1_212' title='bbox 583 3862 649 3916; x_wconf 81' lang='lat' dir='ltr'>serie</span> <span class='ocrx_word' id='word_1_213' title='bbox 664 3861 789 3934; x_wconf 83' lang='lat' dir='ltr'>temporis</span> <span class='ocrx_word' id='word_1_214' title='bbox 802 3875 862 3914; x_wconf 80' lang='lat' dir='ltr'>rrsrt</span> <span class='ocrx_word' id='word_1_215' title='bbox 873 3859 921 3913; x_wconf 83' lang='lat' dir='ltr'>sui.</span> 
     </span>
    </p>
   </div>
   <div class='ocr_carea' id='block_1_10' title="bbox 161 4021 1232 4180">
    <p class='ocr_par' dir='ltr' id='par_1_13' title="bbox 161 4021 1232 4180">
     <span class='ocr_line' id='line_1_32' title="bbox 163 4021 1232 4097; baseline -0.004 -18"><span class='ocrx_word' id='word_1_216' title='bbox 163 4026 292 4097; x_wconf 72' lang='lat' dir='ltr'>perham,</span> <span class='ocrx_word' id='word_1_217' title='bbox 305 4025 439 4095; x_wconf 79' lang='lat' dir='ltr'>Tempora</span> <span class='ocrx_word' id='word_1_218' title='bbox 451 4029 541 4079; x_wconf 73' lang='lat' dir='ltr'>rurali</span> <span class='ocrx_word' id='word_1_219' title='bbox 546 4025 649 4096; x_wconf 70' lang='lat' dir='ltr'>irrigent</span> <span class='ocrx_word' id='word_1_220' title='bbox 657 4035 768 4079; x_wconf 86' lang='lat' dir='ltr'>rostrata</span> <span class='ocrx_word' id='word_1_221' title='bbox 776 4045 876 4079; x_wconf 83' lang='lat' dir='ltr'>corona.</span> <span class='ocrx_word' id='word_1_222' title='bbox 890 4045 904 4072; x_wconf 68' lang='lat' dir='ltr'>o</span> <span class='ocrx_word' id='word_1_223' title='bbox 919 4022 962 4078; x_wconf 86' lang='lat' dir='ltr'>De</span> <span class='ocrx_word' id='word_1_224' title='bbox 973 4023 1048 4092; x_wconf 79' lang='lat' dir='ltr'>cnjus</span> <span class='ocrx_word' id='word_1_225' title='bbox 1057 4022 1164 4077; x_wconf 80' lang='lat' dir='ltr'>Porticu</span> <span class='ocrx_word' id='word_1_226' title='bbox 1172 4021 1232 4075; x_wconf 79' lang='lat' dir='ltr'>vide</span> 
     </span>
     <span class='ocr_line' id='line_1_33' title="bbox 161 4107 826 4180; baseline -0.003 -16"><span class='ocrx_word' id='word_1_227' title='bbox 161 4127 221 4180; x_wconf 69' lang='lat' dir='ltr'>quc</span> <span class='ocrx_word' id='word_1_228' title='bbox 232 4110 259 4162; x_wconf 88' lang='lat' dir='ltr'>in</span> <span class='ocrx_word' id='word_1_229' title='bbox 269 4107 376 4163; x_wconf 83' lang='lat' dir='ltr'>Horatii</span> <span class='ocrx_word' id='word_1_230' title='bbox 389 4109 453 4161; x_wconf 82' lang='lat' dir='ltr'>Vita</span> <span class='ocrx_word' id='word_1_231' title='bbox 464 4111 613 4163; x_wconf 80' lang='lat' dir='ltr'>notavimus</span> <span class='ocrx_word' id='word_1_232' title='bbox 628 4128 684 4180; x_wconf 75' lang='lat' dir='ltr'>pag.</span> <span class='ocrx_word' id='word_1_233' title='bbox 699 4108 826 4163; x_wconf 69' lang='lat' dir='ltr'>art-216.</span> 
     </span>
    </p>
   </div>
   <div class='ocr_carea' id='block_1_11' title="bbox 196 4197 642 4268">
    <p class='ocr_par' dir='ltr' id='par_1_14' title="bbox 196 4197 642 4268">
     <span class='ocr_line' id='line_1_34' title="bbox 196 4197 642 4268; baseline 0.002 -17"><span class='ocrx_word' id='word_1_234' title='bbox 196 4202 205 4231; x_wconf 90' lang='lat'><strong>¹</strong></span> <span class='ocrx_word' id='word_1_235' title='bbox 227 4197 295 4252; x_wconf 86' lang='lat' dir='ltr'>Vide</span> <span class='ocrx_word' id='word_1_236' title='bbox 309 4197 353 4253; x_wconf 86' lang='lat' dir='ltr'>lib.</span> <span class='ocrx_word' id='word_1_237' title='bbox 364 4198 405 4254; x_wconf 83' lang='grc' dir='ltr'>ΙΙΙ</span> <span class='ocrx_word' id='word_1_238' title='bbox 418 4239 426 4268; x_wconf 86' lang='grc'><em>,</em></span> <span class='ocrx_word' id='word_1_239' title='bbox 437 4219 502 4255; x_wconf 82' lang='lat' dir='ltr'>vers.</span> <span class='ocrx_word' id='word_1_240' title='bbox 515 4199 642 4254; x_wconf 74' lang='lat'>333-535.</span> 
     </span>
    </p>
   </div>
   <div class='ocr_carea' id='block_1_12' title="bbox 0 0 1584 5134">
    <p class='ocr_par' dir='ltr' id='par_1_15' title="bbox 0 0 1584 5134">
     <span class='ocr_line' id='line_1_35' title="bbox 0 0 1584 5134; baseline 0 0"><span class='ocrx_word' id='word_1_241' title='bbox 0 0 1584 5134; x_wconf 95' lang='lat' dir='ltr'> </span> 
     </span>
    </p>
   </div>
  </div>
 </body>
</html>
