3159 5134
463 592 564 658 PER
587 592 620 658 J.
645 590 875 660 MASSON.
1141 593 1200 658 155

137 728 759 826 ‚·niginta,ssetGaemCsu1u10
785 748 877 806 coss.
905 729 1057 805 deduco
1083 730 1204 805 Martis

138 880 157 914 »
177 845 320 947 templo,
346 845 474 919 animos
491 845 672 948 oculosque
695 846 814 948 populi
839 847 981 921 Romani
1005 844 1205 947 repleverat,

140 1001 158 1033 ι»
176 965 264 1040 sceda
286 964 376 1038 dictu
389 964 611 1065 memoriaque
633 965 797 1040 horrenda
823 964 858 1037 in
880 964 985 1066 ipsius
1011 964 1205 1062 (Augusti)

138 1118 157 1150 n
177 1085 279 1158 ἆοωο
302 1100 481 1184 tempestas
506 1083 634 1185 erupit,
653 1101 714 1157 etc.
732 1116 750 1148 n
781 1082 913 1158 Scilicet
929 1083 958 1157 si
978 1084 1102 1184 ingeila
1116 1101 1207 1156 retro

136 1225 290 1272 numeres
309 1226 413 1271 annos
429 1194 471 1270 ab
488 1198 623 1271 exordio
641 1194 834 1272 consulatus
859 1195 900 1270 V
894 1224 975 1269 toccu
988 1256 997 1283 ,
1019 1198 1073 1271 cui
1098 1195 1205 1271 libros

136 1312 289 1386 inscribit
301 1341 381 1387 suos
397 1311 562 1400 Velleius,
579 1313 697 1401 idest,
715 1312 757 1385 ab
768 1339 855 1386 anno
871 1315 913 1386 U.
929 1315 968 1387 C.
983 1315 1207 1400 mclxxfflt,

136 1446 257 1528 sponte
268 1428 303 1500 in
321 1456 441 1501 annum
460 1431 503 1500 U.
522 1429 560 1501 C.
581 1446 717 1516 nocui,
735 1428 880 1502 incidere
897 1457 935 1504 ea
950 1427 1137 1530 spectacula
1156 1428 1207 1500 vi·

138 1545 241 1619 debis.
260 1547 336 1619 Hoc
350 1563 459 1621 autem
478 1575 566 1621 anno
583 1545 791 1621 consulatum
807 1566 894 1634 xttt,
912 1575 951 1620 ae
962 1545 1120 1622 ultimum
1133 1547 1207 1620 Au-

136 1679 255 1757 gustus
272 1661 391 1755 gessit,
411 1661 537 1734 Silum
565 1661 700 1762 quidem
724 1691 785 1764 per
811 1663 958 1764 priorem
980 1663 1059 1736 anui
1080 1680 1207 1764 partem

137 1776 288 1873 collega,
305 1794 340 1851 at
354 1794 431 1879 post
444 1805 517 1851 enm
539 1776 636 1851 Gallo
654 1776 805 1866 Caninio,
832 1779 890 1880 qui
906 1779 1066 1856 suffectus
1083 1778 1208 1853 silom

136 1892 208 1966 fuit.
229 1894 359 1967 Deinde
382 1892 549 1980 Caninius,
569 1895 723 1990 Augusto
743 1922 817 1969 sese
836 1895 1027 1983 abdicante,
1046 1894 1207 1991 collegam

142 2005 184 2106 Q.
209 2007 392 2081 Fabricium
414 2006 554 2095 habuit,
572 2007 623 2082 uti
648 2007 697 2082 vel
723 2037 762 2081 er
787 2010 966 2109 Ancyrano
987 2026 1205 2083 monumento

139 2142 292 2210 constat;
311 2126 371 2199 nbi
387 2126 504 2214 etiam,
522 2126 551 2201 si
574 2126 665 2200 Das.
686 2124 827 2200 Cosmmss'i
846 2126 984 2201 schedas
1008 2155 1027 2200 a
1052 2125 1103 2201 Cl.
1129 2125 1204 2200 Jnc.

141 2244 295 2317 Gmooccir
303 2244 407 2318 editas
424 2254 448 2328 ¹,
463 2272 657 2346 sequamur,
671 2243 870 2319 immeditate
884 2245 1112 2347 precedebant
1124 2272 1206 2318 con-

138 2358 228 2434 sules
243 2360 323 2432 anni
339 2363 379 2433 U.
397 2361 434 2434 C.
454 2379 575 2449 Dectl,
596 2390 699 2463 quum
723 2360 770 2432 ibi
793 2380 872 2463 post
889 2390 973 2438 coss.
998 2363 1076 2436 anni
1096 2381 1205 2451 nect,

137 2475 264 2572 legatur
278 2506 287 2548 ε
303 2496 345 2549 nr
361 2478 441 2550 N...
461 2479 510 2550 M.
530 2480 696 2551 Messius
714 2487 726 2515 ²
745 2496 988 2564 consuetum,
1014 2498 1058 2552 nr
1081 2482 1119 2553 L.
1139 2480 1207 2552 Cr·
1229 2479 1236 2498 ¹

136 2607 240 2664 uncto
258 2609 302 2663 cr
318 2593 363 2688 Q.
388 2593 563 2666 Faurrrro
585 2609 816 2666 cousuemus.
841 2594 881 2665 ln
899 2590 1075 2693 exemplari
1097 2609 1206 2667 autem

136 2705 236 2780 Pauli
254 2703 354 2780 Loca
371 2705 513 2802 legitur:
529 2765 536 2780 .
550 2765 579 2781 ..
605 2710 786 2783 Messana
801 2766 809 2782 .
822 2766 830 2781 .
845 2765 852 2781 .
867 2728 1084 2784 cousvuuvs
1101 2729 1145 2782 rr
1166 2711 1204 2783 L.

137 2823 293 2896 Ctululo
311 2838 354 2894 Er
371 2821 414 2918 Q.
433 2823 642 2896 Fanmclo...
662 2824 758 2899 Unde
774 2824 893 2913 simul,
916 2852 986 2898 non
1003 2817 1207 2899 accusarer

134 2939 287 3029 Velleio,
309 2939 435 3041 liquet,
457 2939 619 3014 Cunim'um
647 2940 712 3014 hoc
730 2969 838 3028 anno,
863 2942 899 3014 in
927 2970 995 3042 quo
1021 2966 1207 3028 versamur,

136 3059 180 3130 U.
199 3057 239 3130 C.
260 3075 397 3142 nccut,
415 3055 586 3132 consulem
604 3056 725 3145 fuisse,
745 3084 782 3129 ac
802 3056 943 3157 proinde
967 3074 1036 3130 tum
1054 3055 1209 3158 praedicta

137 3172 324 3274 spectacula
337 3197 451 3274 reapse
470 3171 568 3245 edita.

186 3299 232 3370 ll.
251 3295 439 3371 Obscurior
455 3324 524 3370 non
542 3298 604 3371 erit
617 3296 695 3369 anni
712 3311 909 3395 tempestas,
928 3295 1068 3396 quabaec
1083 3313 1209 3396 specta·

138 3413 214 3488 cula
233 3415 369 3488 luerunt
380 3413 546 3501 exhibita,
561 3414 589 3487 si
608 3411 651 3485 V
644 3414 763 3487 ellec'um
776 3441 852 3486 cnm
864 3414 1118 3487 anomuostro
1130 3435 1209 3488 eon·

137 3531 292 3605 feramus.
305 3529 438 3606 Etenim
449 3530 486 3603 in
496 3530 613 3604 Manis
627 3527 742 3630 templi
755 3527 963 3603 dedicatione
975 3529 1210 3603 Naumachiam

170 3733 179 3762 ¹
198 3727 317 3784 Memor.
330 3726 439 3782 Cosson.
450 3748 475 3798 p.
485 3725 525 3781 bs.

171 3824 184 3853 ²
203 3818 276 3875 Coss.
287 3820 349 3874 anni
362 3820 397 3873 U.
414 3818 446 3873 C.
457 3834 538 3875 occu
553 3821 632 3891 vulgo
643 3821 767 3876 dicuntur
778 3823 809 3875 L.
823 3824 895 3875 Cone
905 3821 1028 3874 baiulus
1039 3829 1067 3874 et
1076 3820 1114 3873 Μ.
1134 3821 1211 3873 Valc-

136 3910 191 3958 τίω
207 3906 382 3971 tessaram,-
399 3905 471 3976 qnod
482 3906 642 3960 confirmant
654 3905 780 3976 anonymi
793 3903 864 3958 Fasti
876 3924 892 3957 o
906 3904 1011 3958 Norisio
1023 3903 1104 3972 editi,
1118 3902 1213 3972 quibus
1313 3973 1319 3980 ι

138 3986 235 4059 legitur
252 4008 259 4042 :
276 3991 385 4044 botulo
394 4001 421 4044 e!
435 3992 582 4044 mssale'aeo.
603 3988 653 4042 His
665 3988 686 4041 si
698 3989 783 4057 potius
792 3988 858 4042 tides
868 3988 1036 4056 adhibeatur,
1049 3988 1212 4060 corrigenda

137 4081 203 4126 sunt
214 4070 318 4127 schedae
330 4070 512 4136 Cosconium
526 4069 587 4126 alias
595 4072 662 4127 exiis
670 4073 789 4143 vulgares
800 4074 872 4128 Fasti
880 4084 960 4130 erunt
969 4073 1137 4128 emendandi.
1148 4075 1213 4143 Quo

138 4156 168 4207 iu
179 4153 262 4208 dubio
270 4153 338 4207 nibil
350 4174 397 4209 nus
407 4155 480 4223 juvat
489 4152 605 4208 Reinesii
616 4154 698 4210 laser.
709 4173 793 4224 xm,
812 4156 882 4211 Clas.
895 4158 928 4211 V.
941 4156 972 4210 L.
988 4157 1075 4210 Lm.
1088 4157 1128 4210 Μ.
1140 4157 1212 4210 Mus.

139 4250 198 4288 cos.
210 4234 246 4286 K.
256 4235 324 4289 Jun.
340 4233 438 4289 Melius
450 4235 482 4289 P.
493 4235 571 4291 Luce
586 4235 717 4306 exemplar
727 4237 872 4292 Messania
885 4277 893 4306 ‚
915 4238 1053 4293 manifeste
1069 4256 1118 4307 pro
1127 4236 1213 4291 Mn-

139 4333 247 4372 mmo.
