3159 5134
602 515 722 585 IBIS.

126 644 230 731 lilius
246 671 279 729 et
299 654 427 728 Cereris
442 651 566 727 frustra
583 654 646 728 tibi
664 684 794 757 semper
809 678 954 749 ametur,

174 770 409 870 Destituatque
427 785 501 849 tuas
515 798 621 870 usque
638 772 762 872 petitus
781 801 872 874 opes.

131 893 241 990 thue
258 915 318 990 per
334 885 480 962 alternos
496 886 586 960 unda
602 886 733 963 labente
748 917 902 967 recursus

179 1001 395 1077 Subtrahitur
409 1029 523 1102 presso
540 999 650 1077 mollis
664 1030 761 1077 arena
775 1004 873 1106 pcdi3

134 1117 186 1191 Sic
202 1136 258 1191 tua
274 1116 388 1190 nescio
406 1144 474 1216 quo
491 1143 620 1216 semper
636 1115 770 1191 sortuua
787 1117 971 1219 liquescat,
1146 1148 1197 1217 μ’.

178 1237 355 1335 Lapsaque
372 1258 431 1330 per
446 1228 568 1304 medias
588 1230 700 1305 effluat
715 1261 821 1333 usque
836 1263 962 1310 manus.

136 1355 244 1452 thue
259 1365 354 1451 pater
370 1346 474 1422 solita
490 1347 595 1423 varias
611 1367 737 1424 mutare
754 1350 893 1446 figuras,

180 1467 306 1541 Plenus
325 1464 521 1539 inexstincta
534 1462 682 1539 deliciare
693 1465 788 1540 same.

134 1589 201 1661 Nec
218 1582 314 1684 dapis
330 1580 480 1656 bumauae
495 1581 626 1655 venient
641 1580 789 1670 lastidia;
804 1613 935 1687 quaque

136 1795 245 1847 magum
263 1773 407 1828 Turnebus
430 1768 525 1842 aliique
546 1774 573 1826 in
594 1773 645 1828 hoc
726 1778 781 1843 422.
798 1778 883 1846 Usque
893 1783 997 1846 petitus.
1015 1783 1082 1849 Saepe
1097 1783 1202 1838 Sarrae.

136 1857 197 1912 loco.
216 1856 254 1909 ll.
272 1883 307 1896 -
327 1856 424 1922 Quique
439 1862 524 1906 tenent
535 1864 644 1920 pontem.
693 1864 721 1908 et
739 1856 794 1909 duo
813 1856 863 1910 alii.
882 1857 1008 1911 Heinsius
1027 1862 1202 1932 conjiciebat,

136 1935 177 1988 Sic
185 1931 303 1986 lllartial.
312 1930 356 1984 lib.
365 1931 406 1995 Χ,
421 1930 510 2001 Epigr.
522 1948 539 1981 v
552 1932 579 1983 iu
593 1949 646 1984 ma·
695 1936 872 2004 Destituatque
884 1956 933 1989 sus
949 1956 1013 2004 sepe
1023 1945 1120 2007 petitus
1135 1961 1198 2010 ope,

136 2013 248 2068 ledicum
267 2028 275 2062 t
290 2011 415 2064 «Pontes
432 2028 479 2078 per
492 2008 563 2062 urbis
575 2018 646 2062 erret
695 2010 751 2076 vel,
767 2030 839 2064 suum
850 2033 928 2080 opem.

136 2091 226 2156 enul,
248 2098 275 2142 et
292 2088 390 2153 clivos,
408 2087 535 2155 Interque
554 2104 646 2139 raucos
729 2090 785 2153 Μ.
803 2089 894 2142 Mollis
910 2109 989 2144 ureuu
1003 2097 1075 2159 pede.
1094 2098 1161 2148 Pedi
1173 2116 1204 2149 ex

137 2170 245 2223 dtimus
266 2178 426 2236 rogatores,
450 2164 519 2220 Oret
541 2165 647 2219 caninas
695 2165 854 2221 melioribus.
869 2169 970 2224 Huius.

138 2248 209 2316 panis
221 2246 338 2317 improbi
350 2245 449 2298 buccas.
460 2266 473 2291 ν
487 2243 522 2297 Et
530 2244 648 2296 Juvena-
728 2246 785 2310 425.
797 2246 839 2298 See
854 2257 899 2300 tua
916 2255 1002 2302 nescio
1019 2270 1077 2320 qua.
1099 2255 1155 2320 Quo
1173 2274 1205 2308 ex

139 2330 182 2394 lis,
193 2328 249 2382 sar,
260 2328 300 2392 V,
311 2343 408 2394 egenos
418 2325 446 2378 in
455 2323 578 2394 pontibus
586 2341 649 2376 con·
695 2319 798 2374 iisdem.
812 2323 913 2378 lletlts.

137 2407 221 2461 sidere
240 2405 352 2467 solitos,
372 2402 475 2456 adserit.
487 2429 520 2444 ·-
535 2402 588 2466 Qus·
601 2404 652 2454 tibi
727 2400 1206 2475 427.lstquepater.llrisicbtlton,suc·

139 2479 530 2553 mjoren't;Turneb.Advers.
540 2478 647 2544 lile,
690 2477 746 2537 ¹cisa
763 2497 882 2547 quercu,
897 2479 1038 2554 Dryadum
1055 2486 1174 2553 precibus
1190 2509 1205 2542 a

141 2583 191 2633 cap.
204 2568 253 2629 25,
267 2559 408 2612 videbatur
418 2556 559 2611 dicendum
572 2561 617 2624 qui
624 2566 649 2609 te
698 2557 797 2612 Cerere
812 2560 877 2613 irata
890 2570 963 2615 tanta
977 2561 1048 2616 lame
1064 2569 1207 2633 torqueba·

141 2643 291 2708 „juretus
300 2634 346 2689 sed
354 2634 494 2703 significat,
507 2634 552 2702 qui
562 2634 589 2686 in
598 2633 649 2691 tuis
687 2646 757 2713 stur,
773 2648 802 2691 ut
813 2649 917 2692 coactus
928 2640 962 2693 sit
976 2641 1090 2697 rendere
1106 2644 1205 2711 titiam,

142 2716 285 2787 majoribus
293 2706 540 2767 numerabitursvel
549 2712 648 2780 potius,
697 2712 834 2786 Dryopida
850 2734 857 2767 ι
875 2715 916 2768 vel
934 2726 964 2771 ut
980 2718 1021 2771 alii
1036 2720 1128 2772 volunt
1142 2724 1206 2774 Me-

142 2797 183 2867 qni
191 2794 293 2865 judicio
300 2803 359 2857 tuo,
372 2791 399 2844 in
409 2790 650 2859 majoribusnume-
697 2801 784 2845 strues.
797 2791 916 2847 Vendita
930 2795 1012 2849 modo
1026 2817 1075 2867 pro
1087 2800 1202 2870 virgine,

142 2877 256 2941 rebitur,
278 2882 305 2925 et
317 2889 397 2939 quem
413 2889 466 2940 pre
482 2881 508 2923 te
522 2888 650 2940 magnum
698 2871 779 2925 modo
797 2891 844 2943 pro
861 2873 916 2926 aliis
929 2874 1120 2946 animantibus,
1138 2883 1207 2948 patri

143 2954 226 3020 dieu,
241 2951 363 3020 quamvis
380 2948 435 3002 aliis
452 2947 485 3002 sit
500 2947 609 3002 intimus
623 2958 652 3001 et
698 2950 822 3003 alimenta
841 2950 888 3004 diu
908 2953 1114 3012 subministravit
1133 2978 1139 3011 :
1159 2958 1205 3012 sed

143 3030 338 3102 bjoetbsimus.
351 3027 467 3081 Druse
699 3027 807 3082 taudem
834 3039 937 3083 coactus
957 3042 996 3084 est
1016 3033 1096 3087 miser
1117 3054 1208 3090 morsu

175 3115 231 3179 4²¹·
243 3113 328 3163 Fs'lriss
337 3118 365 3160 et
378 3110 482 3161 cereus.
497 3106 579 3159 Hunc
590 3124 650 3175 om·
699 3107 818 3177 proprios
829 3117 901 3161 artus
911 3109 1033 3164 lacerare.

146 3209 191 3243 nes
211 3188 300 3243 locum
322 3203 384 3239 meo
405 3183 513 3252 quidem
534 3182 650 3250 judicio,
732 3186 790 3251 tut.
810 3187 956 3255 coarctare.
974 3191 1120 3245 Destituere
1133 3211 1209 3246 uon-

146 3268 208 3321 lalso
218 3268 444 3333 interpretantur,
453 3278 536 3330 quum
547 3259 581 3313 de
590 3260 654 3313 Tri·

146 3347 281 3417 ptolerno,
302 3355 348 3398 aut
370 3343 474 3396 Asterio
496 3338 653 3410 intelligunt.

147 3426 254 3480 Plutum
275 3423 348 3477 enim
369 3419 510 3489 intelligit,
529 3416 603 3484 cujus
625 3419 654 3469 in

147 3500 301 3573 Theogonis
315 3497 448 3553 Hesiodus
461 3496 529 3550 lianc
539 3494 655 3549 fabulam

148 3581 237 3636 relert.
246 3580 319 3636 Cum
329 3579 414 3643 Jasio,
423 3578 451 3630 iu
461 3574 574 3644 templo,
583 3574 655 3646 quod

147 3660 196 3714 tuit
207 3662 233 3714 in
240 3656 342 3727 Tripoli
351 3656 440 3711 Crete
446 3655 564 3720 civitate,
573 3653 656 3708 Ceres

148 3737 289 3792 concubuit
304 3755 310 3788 :
325 3755 355 3788 ex
370 3733 464 3803 quibus
477 3732 571 3786 Plutus
580 3743 656 3785 natus

149 3825 200 3882 est,
212 3814 258 3884 qui
268 3814 397 3880 opulentis
408 3809 604 3878 interpretatur.
611 3807 658 3860 Di·

148 3912 210 3957 ves,
228 3891 379 3960 quicunque
393 3886 465 3940 hunc
479 3885 583 3952 adibat,
600 3884 659 3939 effi·

150 3970 274 4024 elebatur.
286 3967 351 4021 leleo
358 3985 430 4020 nunc
441 3975 518 4034 poeta
530 3963 659 4033 impreca-

152 4059 196 4100 tur
207 4045 355 4100 mendicam
370 4044 398 4097 in
413 4042 549 4097 inimicum
563 4042 659 4094 vitam:

153 4137 179 4179 et
190 4126 261 4195 quod
271 4126 292 4179 si
302 4124 372 4178 [orte
382 4121 490 4177 Plutum
503 4122 602 4186 adiret,
612 4139 661 4174 cu-

153 4204 192 4272 pit
203 4214 233 4256 ut
244 4204 277 4256 ab
288 4222 322 4256 eo
330 4211 472 4271 spernatur
483 4239 490 4268 ,
506 4200 549 4255 cui
561 4210 587 4253 et
598 4198 661 4262 odio

153 4282 193 4336 sit.
208 4282 278 4334 Zau.

252 4378 367 4452 VIII.

700 3261 766 3317 nulli
776 3283 783 3325 3
795 3265 998 3340 dficr‘qrecodex
1006 3269 1110 3335 Jurcti,
1124 3272 1207 3337 bene,

701 3340 761 3395 vide
772 3342 855 3396 Notas
866 3342 946 3411 Epist.
957 3345 992 3409 V,
1008 3366 1043 3399 vs.
1057 3352 1112 3401 150.
1124 3350 1160 3403 H.

735 3422 792 3491 4²91
812 3421 866 3474 Nee
880 3423 955 3488 dapis
967 3425 1089 3479 humane.
1102 3427 1211 3498 Tydeus

704 3497 786 3550 OEuei
796 3495 953 3565 regisfilius,
965 3501 1021 3569 vel,
1032 3513 1063 3556 ut
1072 3504 1128 3569 alii,
1140 3505 1213 3560 Mar·

702 3573 735 3628 tis
751 3585 778 3627 et
792 3572 912 3640 Altbese,
931 3576 959 3629 in
975 3578 1043 3633 bello
1054 3580 1214 3636 Tbebanoa

705 3650 859 3721 Menalippo
874 3650 962 3706 lethali
976 3656 1085 3710 vulnere
1104 3679 1213 3728 percus·

704 3748 747 3783 sus
759 3741 799 3783 est
811 3747 817 3783 :
829 3730 1003 3787 moribundus
1015 3734 1139 3807 Tydeus,
1152 3738 1215 3791 Me—

705 3806 803 3877 nalippi
820 3817 897 3877 caput
912 3808 944 3862 ad
963 3830 990 3863 se
1011 3811 1109 3866 deferri
1125 3816 1216 3883 jussit:

707 3884 778 3955 quod
789 3884 930 3955 Capaneus
942 3907 956 3941 e
971 3890 1080 3961 vestigio
1094 3891 1122 3945 in
1138 3895 1218 3963 ipsius

708 3962 793 4034 Tydei
816 3975 989 4051 eonspectuuq
1006 3969 1143 4037 portavit:
1164 3990 1217 4040 quo

709 4041 764 4093 riso
772 4041 872 4094 laetatus
879 4041 1000 4115 Tydeus,
1009 4046 1147 4100 cerebrum
1156 4047 1219 4101 deu·

709 4119 778 4173 tibus
789 4121 918 4188 corrosit,
936 4133 964 4175 ut
978 4122 1077 4176 Statius
1088 4124 1115 4177 iu
1128 4134 1220 4181 octavo

710 4195 862 4250 Thebaidos
872 4199 969 4253 scribit,
976 4201 1223 4257 zia-Tutemet

705 4272 828 4341 fastidia.
846 4277 907 4328 Tibe·
917 4283 971 4330 stu!
988 4278 1074 4333 Juret.
1092 4291 1118 4335 et
1135 4281 1220 4351 quip-

972 4430 975 4433 e
1031 4382 1049 4445 3
