3159 5134
365 463 431 528 288
686 457 1102 528 DEDICATIONES

369 598 478 694 magui
492 580 603 672 misac
616 597 767 698 spiritus,
783 616 822 672 nt
833 598 996 697 ejusmodi
1006 626 1135 674 carmen
1146 595 1319 688 bandum,
1333 600 1442 676 homo

370 713 539 816 pertenuis
554 712 694 810 ingenii,
717 741 777 787 nee
794 714 929 811 ingenui
946 715 1099 817 pudoris,
1116 734 1154 790 ut
1169 734 1280 816 aperte
1298 734 1444 791 testatur

369 830 574 906 Horatiusin
587 829 727 930 quadarn
737 828 780 903 ad
791 830 920 905 lulium
929 829 1067 907 Florum
1079 832 1188 933 Epist.
1203 836 1231 923 l,
1245 852 1297 920 tlt,
1309 861 1355 908 vs.
1372 834 1416 907 15
1429 864 1440 907 ε

529 986 605 1057 Quid
616 986 682 1041 miti
696 985 789 1042 Celsus
802 986 877 1059 agit?
892 987 1030 1053 monitus,
1043 987 1210 1059 multrrmque
1222 989 1372 1044 monendus

527 1074 644 1127 Privatas
656 1083 685 1127 ut
697 1083 798 1143 querat
808 1092 871 1142 opes
882 1084 909 1129 et
921 1082 1029 1144 tangere
1040 1073 1106 1128 vitet
1294 1137 1300 1152 ἱ

525 1153 643 1223 Scripta,
657 1153 794 1208 Palatinus
807 1173 979 1224 quecumque
993 1155 1092 1224 recepit
1103 1153 1200 1224 Apollo
1213 1174 1220 1207 ι

526 1238 567 1291 Ne
579 1237 601 1292 ai
612 1237 678 1292 sorte
691 1257 750 1291 sua
764 1238 907 1305 repetitum
919 1236 1023 1291 venerit
1034 1237 1099 1291 olim

528 1319 600 1375 Grex
611 1321 698 1375 avium
711 1321 826 1391 plumas,
840 1332 945 1375 moveat
956 1320 1089 1376 cornicula
1101 1322 1185 1377 rhum

528 1401 643 1457 furtivis
654 1401 753 1457 nudata
765 1402 904 1459 coloribus
1079 1395 1083 1402 ⁶

366 1537 560 1625 Postremo,
577 1563 621 1641 ue
639 1536 794 1637 cuiquam
809 1537 952 1639 amplius
967 1536 1087 1613 illudat
1098 1539 1167 1614 baec
1181 1539 1339 1641 AEsopica
1360 1569 1439 1615 cor-

366 1654 492 1742 nicula,
507 1682 604 1744 nere,
618 1671 657 1729 ut
670 1655 839 1728 Cumanus
849 1653 970 1729 asellus
979 1653 1087 1729 leonis
1096 1673 1188 1751 gerat
1196 1656 1347 1746 anuas,
1358 1656 1441 1758 plns

367 1769 606 1872 quinquaginta
628 1768 780 1844 locorum
794 1770 1040 1872 comparatione
1055 1770 1106 1860 iu
1117 1771 1345 1873 comprobabo
1367 1800 1440 1849 esse

366 1881 497 1972 Ovidii,
505 1899 562 1972 ut,
574 1883 721 1984 quodait
733 1882 971 1958 malusarbiter
979 1884 1190 1976 comicorum,
1203 1885 1231 1961 si
1240 1887 1314 1987 quis
1321 1904 1440 1962 contra

365 2000 496 2089 sentiat,
506 2000 591 2074 nibil
605 2000 734 2075 sentiat.
750 2002 864 2075 Unum
878 2000 942 2075 hoc
954 2000 1113 2076 duntaxat
1129 2020 1290 2104 superest,
1300 2022 1339 2078 ut
1351 2002 1438 2077 Ovi·

367 2117 456 2193 diani
467 2118 620 2192 carminis
629 2134 859 2213 argumentum
868 2117 983 2218 paucis
992 2115 1140 2219 eloquar.
1151 2119 1437 2215 AngustoCresari

368 2231 448 2307 duas
456 2231 558 2306 baisse
569 2231 893 2331 uxoresaecepimus,
904 2229 1111 2305 Scriboniam
1118 2250 1151 2306 et
1159 2232 1297 2320 Liviam;
1307 2260 1438 2333 sponsae

366 2349 454 2423 enim
468 2348 633 2438 Servilia,
645 2348 781 2422 isaurici
798 2347 884 2437 filiae,
896 2347 1084 2423 conditione
1097 2349 1146 2423 uti
1159 2349 1281 2438 noluit,
1295 2367 1329 2423 et
1338 2348 1437 2444 Clau-

367 2460 455 2535 diam
469 2459 592 2534 Fulvia
609 2459 768 2556 virginem
784 2461 1007 2561 intactamque
1021 2461 1157 2537 dimisit.
1170 2462 1352 2540 Scribonia
1367 2493 1437 2540 mo·

365 2606 438 2666 res,
457 2605 497 2650 ex
515 2604 580 2679 qua
596 2574 698 2650 filiam
716 2575 862 2676 suscepit
881 2574 1026 2666 Juliam,
1050 2575 1134 2672 legis
1155 2577 1254 2653 Juliae
1274 2579 1437 2668 dedecus,

365 2694 450 2806 {erre
464 2721 533 2766 nou
550 2689 673 2781 valuit,
692 2719 830 2793 eamque
848 2692 913 2767 sibi
935 2718 987 2766 res
1008 2720 1084 2767 suas
1099 2692 1222 2768 babere
1238 2695 1348 2795 jussit
1375 2698 1439 2772 Li-

369 2813 472 2901 viam,
495 2829 717 2906 cognomento
733 2808 935 2899 Drusillam,
950 2828 1067 2911 captus
1082 2811 1205 2907 insigni
1220 2813 1347 2903 sorana,
1367 2844 1436 2889 ma·

366 2930 522 3006 trimonio
536 2926 667 3001 Claudii
680 2927 808 3001 Tiberii
824 2927 982 3016 Neronis,
997 2927 1051 3000 cui
1067 2927 1133 3025 jam
1146 2926 1251 3001 filium
1261 2930 1435 3006 Tiberium

366 3061 541 3142 genuerat,
554 3060 587 3116 et
600 3070 639 3117 ex
649 3041 751 3117 altero
766 3041 948 3139 gravidam,
964 3041 1098 3117 domum
1107 3042 1263 3131 abduxit;
1275 3044 1337 3119 nbi
1349 3044 1435 3119 iutra

256 3157 260 3170 ’
364 3186 512 3235 mensem
530 3159 662 3234 tertium
678 3158 768 3233 hunc
786 3160 934 3234 Drusum
950 3158 1100 3259 peperit,
1118 3160 1212 3258 cujus
1224 3178 1366 3236 mortem
1379 3161 1435 3237 de·

366 3276 424 3352 llet
434 3274 603 3363 ‚Ovidius3
620 3274 701 3350 olim
717 3276 910 3365 Decimum,
929 3304 1007 3350 mox
1022 3278 1188 3350 Neronem
1203 3278 1430 3377 pranomine,

369 3420 467 3496 quern
479 3408 568 3465 tanta
580 3389 726 3492 suspicio
735 3389 800 3463 fuit
808 3419 847 3464 er
855 3391 973 3473 vitrico
983 3420 1042 3493 per
1055 3391 1210 3467 adulterii
1222 3396 1433 3471 consuetudi-

366 3537 440 3582 nem
449 3523 669 3609 procreatum,
678 3523 717 3581 ut
730 3534 856 3602 graecus
865 3505 1047 3581 senariolus
1057 3505 1158 3605 vulgo
1167 3509 1346 3609 jactaretur
1356 3541 1364 3584 :
1374 3513 1434 3593 τοῖς

363 3623 513 3711 mogoin
525 3620 579 3694 sal
591 3625 712 3721 apim
729 3622 855 3697 asadia.
869 3621 1021 3698 ExLivia
1030 3621 1115 3697 nibil
1126 3626 1300 3719 Augustus
1310 3623 1433 3700 libero-

364 3768 439 3832 rum
465 3739 543 3813 tulit
562 3769 570 3812 :
588 3737 807 3813 nibilominus
823 3739 859 3812 in
876 3737 1018 3814 liberum
1035 3738 1109 3812 loco
1125 3768 1163 3814 ac
1178 3768 1317 3815 numero
1329 3741 1435 3842 priri-

366 3882 451 3952 gnos
460 3853 577 3928 habuit
585 3854 758 3940 Tiberium
768 3872 868 3954 atque
877 3856 1023 3929 Drusum
1036 3884 1044 3942 ;
1056 3879 1178 3956 eosque
1189 3855 1231 3928 ad
1243 3854 1432 3957 reipublice

366 3996 477 4043 curam
491 3968 652 4056 admovit,
670 3987 703 4043 et
719 3970 819 4068 jussit
831 3971 958 4072 imperii
972 3990 1096 4073 partem
1109 3999 1287 4073 capessere.
1311 3974 1363 4046 De
1376 3970 1432 4044 Ti-

365 4087 461 4163 berio
472 4085 618 4160 nibilhic
628 4113 759 4160 neeesse
769 4104 819 4160 est
831 4086 927 4188 plura
941 4087 1047 4164 dicere
1062 4118 1071 4161 ε
1085 4087 1186 4163 frater
1196 4087 1267 4190 ejus
1281 4089 1431 4177 Drusus,

368 4203 401 4275 in
413 4202 557 4299 Augusti
566 4200 703 4297 gratiam
714 4220 857 4278 asenatu
867 4201 999 4299 legibus
1008 4203 1155 4294 solutus,
1166 4221 1240 4280 ante
1253 4203 1432 4299 legitimam
