3159 5134
383 514 426 598 43
652 518 693 582 Ρ.
732 515 916 584 ovtnu
946 516 1174 588 uusonts

382 657 462 753 Qua
478 684 537 730 sua
553 654 741 731 Pentbiden
760 655 873 759 proles
892 674 942 732 est
958 657 1029 731 ulta
1047 661 1254 758 Lycurgum,

431 773 511 845 Huc
525 790 654 846 maneat
671 772 726 846 teli
745 791 775 847 te
795 802 929 874 quoque
947 772 1045 874 plaga
1060 777 1149 849 nori.
1404 798 1458 848 6¹0

383 886 498 986 thue
513 884 644 975 Milon,
662 888 768 962 robur
785 887 941 961 diducere
955 887 1055 963 fissile
1074 906 1195 978 tentes,

431 1002 500 1077 Nec
516 1002 627 1104 possis
644 1022 756 1105 captos
772 1003 850 1078 inde
870 1004 989 1079 referre
1008 1033 1136 1080 manns.

384 1121 650 1222 Muneribusque
668 1112 735 1195 tuis
751 1120 900 1209 laedaris,
917 1139 957 1195 ut
972 1125 1102 1209 Icarus,
1122 1124 1156 1195 in
1174 1149 1272 1222 quem

433 1234 551 1311 Intulit
567 1254 708 1311 armatas
724 1236 816 1310 ebria
834 1237 933 1310 turba
949 1265 1077 1309 manns.
1400 1314 1404 1321 ,

386 1352 554 1453 Quodque
571 1352 686 1428 dolore
702 1353 794 1429 nucis
811 1353 926 1454 patriae
941 1354 996 1454 pia
1012 1352 1079 1426 filia
1096 1352 1191 1441 lecit,
1404 1374 1456 1425 615

436 1465 576 1540 Vincula
592 1496 652 1568 per
669 1467 778 1568 laquei
797 1466 847 1539 lac
865 1466 926 1541 tibi
944 1485 1062 1563 guttur
1076 1484 1161 1542 eant.
1262 1454 1264 1459 Α

388 1583 639 1684 Obstructoque
655 1580 774 1656 samem
787 1582 924 1683 patiaris
944 1581 1055 1658 limine
1074 1582 1169 1671 tecti,
1218 1676 1224 1687 x

340 1684 346 1697 ‘
438 1702 485 1772 Ut
501 1697 607 1794 legem
623 1727 729 1799 poenae
747 1700 800 1772 cui
819 1699 912 1773 dedit
928 1701 1001 1801 ipsa
1019 1728 1148 1802 parens.
1224 1688 1226 1693 i

388 1813 483 1897 lllius
500 1816 651 1924 exemplo
667 1815 770 1891 violes
787 1813 960 1890 simulacra
975 1817 1111 1903 Diana,

439 1930 568 2004 Aulidis
583 1958 602 2002 a
619 1947 720 2031 portu
739 1930 798 2030 qui
812 1927 882 2001 leve
896 1931 994 2003 vertit
1010 1929 1082 2003 iter.
1405 1954 1459 2006 620

388 2048 616 2151 Naupliadaeve
634 2047 735 2121 modo
752 2046 830 2121 licto
848 2075 911 2148 pro
927 2048 1061 2122 crimine
1074 2054 1188 2148 ponas

421 2254 479 2325 609.
492 2234 652 2304 Penther'deri.
669 2252 809 2303 Pentllden
827 2260 902 2304 vete·
950 2256 1119 2308 lataimcctr‘.
1129 2253 1181 2307 Atii
1189 2264 1292 2322 autern,
1302 2259 1459 2311 [moeren-

390 2354 440 2388 res.
454 2333 489 2385 ll.
500 2336 600 2397 -Qua
609 2349 664 2381 sua.
678 2328 777 2395 Butes,
789 2329 901 2399 Lycurgi
944 2336 988 2399 pli
996 2343 1090 2400 putant
1102 2331 1262 2401 legendum,
1282 2330 1457 2403 quoniam⁴de

392 2404 900 2476 filios‚obpatremsublatumaBarrho‚
951 2409 1079 2462 Pausania
1088 2406 1258 2480 intelligatur,
1266 2411 1309 2479 qui
1320 2410 1348 2464 in
1356 2412 1458 2481 templo

391 2492 449 2562 ejus
460 2488 577 2542 numinis
586 2486 732 2541 sacerdotes
745 2504 839 2539 omnes
850 2505 900 2538 ne·
950 2485 1080 2541 Minervae
1107 2495 1238 2555 geboino
1261 2488 1378 2542 obsessus
1398 2488 1458 2545 fuit.

391 2562 901 2632 cavitrariiretaoerbiseimissuppliciis.
949 2563 1046 2618 Scribit
1071 2576 1159 2618 artem
1187 2565 1310 2620 AEmilius
1334 2567 1459 2633 Probus,

424 2647 453 2699 br
462 2667 481 2698 ι.
490 2647 626 2698 Reducem.
637 2644 773 2705 Dama,
784 2643 902 2695 ermon
950 2652 1063 2696 matrem
1077 2642 1231 2710 Pausanias,
1250 2642 1394 2698 ttcirheam
1406 2664 1459 2698 no-

392 2745 440 2795 pro
452 2726 524 2777 Milo.
537 2724 638 2776 Herm·
950 2721 1036 2788 mine,
1050 2740 1131 2790 quum
1139 2722 1182 2774 ille
1191 2722 1217 2774 in
1226 2723 1353 2790 templum
1361 2723 1461 2776 conlu-

343 2800 347 2806 ’
423 2804 480 2857 613.
490 2803 644 2855 Muneribus.
658 2798 902 2868 lcarus‚Erigones
949 2799 1045 2869 gimel,
1066 2799 1210 2869 ephorique
1234 2800 1304 2852 fores
1325 2799 1458 2867 edicula,

393 2890 487 2951 pater,
506 2897 589 2947 quum
610 2876 703 2930 Attico:
721 2875 828 2929 colonos
847 2875 902 2929 vini
949 2877 994 2929 ubi
1008 2876 1049 2929 ille
1063 2877 1166 2931 abditus
1182 2878 1459 2945 erat‚obstruerent,

393 2954 902 3023 usumdocuisset,illiinusitatoliquorc
950 2973 979 3007 ac
996 2964 1093 3007 tectum
1104 2954 1312 3020 demolirentur,
1330 2966 1358 3009 ut
1372 2956 1460 3027 inopia

392 3034 903 3105 ebrii,venenumdatumsibiarbitrao·
949 3032 1460 3104 reromaclamelaburantembocpacto

393 3127 440 3185 tes,
452 3135 513 3169 eum
521 3124 708 3168 necaruntuno
716 3112 903 3182 impetutcuius
949 3111 1126 3173 conlucer-eun
1136 3122 1273 3180 postquam
1283 3112 1316 3164 de
1324 3111 1422 3165 scelere
1430 3132 1460 3169 ac

393 3207 478 3250 morte
493 3194 598 3259 audita,
615 3192 730 3263 Erigone
745 3192 798 3245 filia
810 3193 903 3260 laqueo
950 3189 1097 3259 proditione
1121 3189 1166 3243 filii
1188 3188 1378 3258 comperisset,
1398 3192 1461 3258 pri-

394 3275 473 3328 vitam
486 3272 587 3333 linivit3
602 3272 739 3344 Hyginus,
753 3270 817 3323 Fab.
832 3270 885 3322 130.
950 3288 1024 3321 murm
1035 3268 1147 3338 lapidem
1157 3269 1187 3322 ad
1199 3268 1376 3323 obserandum
1388 3269 1460 3323 illam

425 3351 482 3406 bib.
498 3353 591 3403 θυίων
605 3359 655 3402 cat.
673 3351 744 3401 Eunt
755 3347 813 3401 cod.
825 3347 902 3400 Polit.
949 3346 1096 3415 adportasse
1106 3386 1120 3413 ‚.
1135 3347 1160 3401 id
1175 3346 1246 3416 quod
1262 3345 1303 3400 bic
1317 3346 1397 3399 Ouid.
1416 3349 1462 3401 iu-

392 3441 419 3484 et
431 3430 485 3483 duo
496 3427 547 3480 alii.
563 3428 664 3480 Hsttts.
950 3426 1023 3491 nuit,
1033 3445 1115 3494 quum
1124 3425 1277 3495 dicitlegem
1286 3427 1461 3496 poenreipsam

417 3509 480 3578 1³17.
503 3508 700 3571 Obstrr'ctusque.
723 3503 904 3570 Obstructoque
950 3513 1088 3571 parentem
1096 3502 1205 3555 dedisse.
1214 3502 1461 3557 l‘eruminsobedis

391 3587 460 3640 bene
472 3583 561 3636 Jureti
575 3581 648 3635 liber.
664 3581 701 3633 H.
715 3608 748 3620 -
761 3582 902 3632 obstructo.
950 3579 1286 3650 san-Victorianistegirur,
1295 3587 1462 3649 epseparcus:

362 3663 366 3669 ’
392 3667 511 3719 Tantum
520 3670 577 3715 erat
586 3658 773 3712 laudisbelliooe
784 3657 902 3712 studium
952 3658 1050 3713 Etturn
1060 3660 1463 3730 Agesilaoml'ausaniaepatrem

391 3743 460 3814 apud
468 3738 693 3803 lacedemonios,
703 3746 731 3789 ut
739 3747 836 3789 matres
844 3735 904 3790 liliis
951 3738 1012 3793 edis
1022 3738 1092 3792 fores
1102 3740 1241 3792 occuluisse
1254 3738 1402 3807 putandum
1414 3751 1463 3795 est.

390 3823 418 3877 in
433 3821 514 3874 aciem
528 3817 721 3887 prodeuntibus
733 3828 804 3869 scuta
816 3815 904 3885 porri·
983 3818 1041 3889 619.
1060 3820 1133 3869 Illius
1151 3821 1270 3883 exemplo.
1289 3817 1463 3887 intelligenda

393 3909 493 3970 gentes,
501 3896 557 3949 bac
564 3894 696 3948 dicerent:
706 3916 719 3938 α
727 3912 787 3947 cum
799 3892 848 3959 his,
858 3903 904 3947 aut
950 3893 992 3948 illa
1001 3905 1062 3948 sunt
1070 3894 1103 3948 de
1114 3895 1192 3963 Ajace
1201 3895 1272 3949 Oilei
1280 3935 1288 3959 ,
1296 3895 1355 3963 qui,
1363 3896 1398 3949 ob
1404 3896 1464 3950 vio-

392 3969 902 4043 victores,autmortui.»Eoi-ysmeneus,
950 3972 1029 4026 latam
1046 3971 1220 4026 Cassandram
1237 3972 1263 4025 in
1284 3972 1383 4041 templo
1400 3973 1465 4028 Pal-

393 4071 477 4123 quum
486 4051 553 4103 male
563 4059 710 4119 pugnasset,
720 4047 828 4100 domum
837 4065 905 4099 tem·
950 4050 1015 4104 ladis
1037 4051 1121 4115 Dece,
1141 4050 1308 4121 naufragium
1327 4050 1412 4117 serit,
1433 4061 1464 4105 ut

392 4134 499 4203 piteroo
519 4129 648 4183 dedecore
670 4126 782 4193 adfecit,
804 4145 855 4196 qua
869 4125 902 4179 de
951 4140 1011 4181 ante
1023 4138 1063 4182 est
1075 4129 1174 4183 dietum
1186 4150 1217 4183 ex
1227 4130 1359 4183 sententia
1370 4140 1398 4183 et
1407 4129 1464 4183 110·

393 4230 469 4267 eausa
486 4219 573 4264 mater
589 4208 741 4279 indignata,
756 4227 818 4261 curn
830 4207 905 4261 clau·
951 4224 1016 4258 mer.
1030 4218 1058 4260 et
1070 4206 1157 4259 Strab.

394 4294 453 4344 surb
467 4286 554 4342 inedia
572 4287 658 4357 perire
674 4285 765 4355 coegit
780 4283 859 4339 Dour.
871 4311 904 4325 ·-
983 4285 1040 4338 bar.
1059 4287 1217 4353 Naupliadae.
1236 4284 1390 4340 Palamedes
1404 4284 1462 4339 cri-
