3159 5134
386 541 447 584 rro
722 519 761 587 Ρ.
789 518 968 586 OVIDII
995 517 1131 583 VITA

380 661 458 735 vimn
470 688 484 745 ;
507 657 670 760 siqnidem
696 657 787 759 apud
813 675 993 759 utrumqne
1018 633 1132 734 cadim
1149 685 1202 732 res
1223 674 1385 731 narrauit.
1416 661 1458 732 ln

360 777 362 781 ’
381 804 452 849 eam
468 776 555 849 enim
573 775 745 851 senatoria
762 774 936 871 dignitatis
950 803 1034 876 spem
1052 774 1195 850 Ovidius
1212 773 1315 849 latum
1337 775 1461 848 sumsit

381 892 528 981 clavum,
556 911 596 969 ut
613 894 732 968 invicte
758 893 857 967 docet
879 923 955 970 mox
978 893 1124 979 addens,
1147 921 1231 968 vers.
1258 892 1334 968 35:
1360 892 1460 967 Currit

382 1008 537 1094 restabat,
559 1025 620 1086 etc.
640 1007 689 1082 3⁰.
712 1010 764 1082 Er
778 1009 845 1084 hoc
861 1008 970 1082 nostri
990 1007 1067 1083 loco
1085 1025 1195 1108 patet,
1211 1007 1344 1082 eosdem
1361 1005 1460 1082 illus·

381 1127 485 1200 trium
507 1127 658 1228 equitnm
685 1124 811 1200 liberos
833 1124 935 1200 simul
953 1154 1028 1202 curn
1045 1143 1126 1221 toga
1147 1125 1235 1199 virili
1258 1124 1473 1201 laticlaviam

370 1242 545 1333 induisse,
561 1271 665 1344 quum
678 1242 750 1342 ipse
767 1242 836 1318 haee
854 1240 922 1318 duo
939 1269 1004 1318 una
1019 1242 1161 1346 jungam

579 1400 696 1451 Liberior
704 1396 780 1451 tram
792 1406 879 1450 sumta
890 1396 1010 1467 miliique
1022 1407 1084 1466 toga
1095 1408 1134 1451 est
1145 1419 1152 1460 ;

546 1490 855 1561 todotrorquetumen‘·
864 1509 926 1544 curn
938 1494 992 1545 lato
1004 1510 1121 1561 purpura
1131 1493 1213 1546 clero.

379 1637 449 1708 Nec
457 1634 523 1708 alio
534 1662 632 1708 sensu
639 1633 702 1707 hos
712 1633 891 1707 versiculos
902 1631 1135 1708 intellexerunt
1143 1633 1204 1705 viri
1214 1634 1337 1728 magni,
1347 1633 1455 1710 Aldus

382 1752 555 1826 Manutius
575 1761 584 1790 ¹
611 1779 648 1826 ac
670 1754 770 1825 Isaac.
797 1749 1016 1825 Casaubonus
1038 1758 1073 1837 ²3
1096 1749 1237 1851 quibus,
1257 1751 1368 1851 quoad
1384 1781 1453 1826 rem

383 1866 505 1966 ipsam,
524 1864 687 1938 accedunt
710 1864 838 1938 ‘l’lreod
861 1862 1036 1938 Mamilius
1058 1862 1092 1952 ³,
1111 1881 1144 1937 et
1164 1865 1324 1939 Octavius
1339 1867 1455 1939 Ferra-

380 1980 450 2053 rius
468 1977 493 2051 ⁴.
511 1982 558 2052 At
573 1978 714 2053 dubium
731 1978 785 2053 laic
802 2003 934 2053 morere
949 1994 1084 2080 potest,
1109 1978 1200 2080 qood
1221 1978 1454 2055 celeberrimus

383 2093 531 2167 Graevius
541 2094 695 2169 observat
707 2093 747 2168 ad
761 2094 831 2168 lraec
841 2092 994 2167 Suetonii
1007 2093 1048 2166 de
1061 2094 1217 2188 Augusto
1230 2094 1332 2168 verba
1345 2123 1354 2167 ε
1368 2094 1454 2168 Pro-

379 2212 460 2285 tinus
479 2239 500 2284 o
520 2212 608 2285 vin'li
626 2212 689 2310 (ut
704 2211 879 2308 legendnm
897 2214 1033 2307 censet)
1056 2227 1129 2312 toga
1150 2212 1245 2286 lotum
1264 2214 1381 2287 clarum
1405 2213 1453 2285 io—

379 2329 471 2403 duere
481 2330 638 2429 permisit,
665 2329 791 2406 scilicet
812 2348 1001 2406 senatorum
1023 2330 1147 2405 liberis.
1173 2364 1190 2395 κ
1207 2332 1340 2405 Etenim
1355 2350 1453 2406 antu-

383 2479 401 2509 »
422 2462 510 2534 mat‚
526 2447 687 2546 protinus,
713 2448 806 2549 quod
828 2448 962 2550 quidem
980 2466 1031 2523 est
1046 2449 1223 2538 continue,
1240 2477 1309 2522 nou
1332 2448 1379 2525 ita
1401 2448 1453 2522 in·

384 2595 402 2628 u
418 2560 635 2659 tolligendom
645 2592 730 2653 esse,
742 2566 836 2666 qnasi
846 2565 922 2667 ipso
930 2564 983 2640 die
993 2564 1135 2641 tirocinii
1149 2565 1306 2640 sumenda
1318 2594 1450 2667 quoque

386 2712 403 2740 »
423 2677 541 2754 fuisset
560 2679 671 2754 tunica
695 2678 857 2755 laticlavia
875 2709 883 2767 ;
911 2699 983 2755 turn
1005 2681 1093 2755 enim
1116 2698 1237 2755 rectam
1254 2681 1451 2768 sumebant;

384 2829 401 2858 »
422 2793 477 2868 sed
496 2795 623 2885 statim,
639 2815 697 2871 aut
711 2826 781 2869 non
795 2796 896 2892 longe
910 2812 1006 2898 post,
1027 2813 1074 2884 et,
1090 2796 1126 2870 si
1134 2795 1277 2884 luberet,
1292 2815 1451 2898 sequente

383 2945 400 2976 »
421 2912 484 2986 die.
504 2947 521 2978 »
543 2915 628 3010 Qua
646 2930 754 2987 tamen
771 2913 1000 3014 interpretatio
1018 2929 1190 3001 contorta,
1211 2939 1271 2986 nce
1285 2912 1393 2988 valido
1412 2912 1451 2986 ti·

379 3029 489 3104 bicine
498 3026 582 3102 fulta
590 3029 730 3104 videtur,
743 3030 818 3103 Etsi
832 3030 917 3103 enim
929 3047 1054 3104 certum
1062 3047 1161 3116 esset,
1174 3030 1316 3103 tunicam
1325 3046 1449 3104 rectam

380 3174 455 3220 eum
469 3163 547 3243 toga
558 3145 646 3220 virili
658 3165 799 3222 sumtam
808 3145 930 3234 luisse,
945 3125 1063 3247 quidni
1076 3144 1189 3220 liceret
1206 3173 1281 3220 cum
1296 3145 1448 3221 Ferrario

379 3265 580 3355 existimare,
599 3265 744 3340 tonicam
755 3283 874 3340 rectam
891 3281 925 3338 et
941 3262 1009 3337 lato
1023 3263 1114 3338 clavo
1128 3263 1318 3361 insignitam
1330 3264 1447 3353 fuisse,

378 3399 477 3482 atque
498 3409 598 3455 unam
620 3380 835 3482 eamdemque
860 3379 1005 3455 tunicam
1029 3381 1119 3454 vario
1143 3381 1274 3456 nomine
1301 3380 1445 3468 dictam,

380 3497 658 3600 quemadmodum
673 3498 747 3600 ipsa
765 3515 844 3593 toga
861 3496 984 3588 virilis,
1002 3516 1034 3572 et
1051 3496 1156 3573 libera
1173 3496 1287 3588 etiairr,
1309 3528 1346 3576 ac
1362 3529 1450 3602 pura

378 3614 577 3704 vocabalum
595 3633 653 3690 aut
666 3633 789 3689 rectam
804 3643 880 3689 cnm
896 3613 1057 3690 laticlavia
1073 3632 1232 3703 sumtam,
1251 3634 1289 3690 ut
1305 3616 1374 3690 lraec
1392 3646 1447 3692 su-

378 3730 508 3829 perior,
526 3729 582 3804 illa
597 3750 682 3807 esset
700 3733 848 3806 inferior.
872 3731 1001 3807 Deinde
1020 3761 1156 3834 parvum
1180 3751 1231 3806 est
1247 3732 1447 3818 discrimen,

379 3845 408 3918 si
433 3844 523 3920 dicas
551 3845 744 3921 laticlaviam
771 3847 916 3923 tunicam
935 3877 1009 3923 cum
1034 3867 1113 3947 toga
1130 3847 1237 3938 virili,
1260 3847 1310 3925 vel
1334 3849 1445 3924 statim

411 4046 419 4076 ¹
439 4042 549 4111 Quuit.
561 4062 608 4113 per
620 4042 702 4113 Epist.
715 4043 757 4097 lib.
772 4044 815 4110 ll,
828 4064 883 4116 cap.
897 4068 919 4102 a.

409 4130 420 4160 ²
434 4118 500 4182 Not.
511 4127 539 4181 in
554 4127 664 4181 Sueton.
678 4128 745 4198 Aug,
755 4148 810 4198 cap.
822 4129 862 4184 38.

408 4211 421 4244 ³
436 4213 498 4267 Not.
511 4212 538 4265 in
552 4211 663 4266 Sueton.
676 4213 755 4282 Vesp.
764 4231 819 4281 cap.
834 4232 856 4265 a.
954 4281 958 4288 1

408 4296 420 4333 ⁴
436 4298 555 4353 Analect.
568 4316 624 4367 cap.
635 4316 675 4351 ao.
