3159 5134
461 526 556 593 ree
580 527 614 591 J.
640 524 866 594 messor.
1138 529 1198 621 157

132 683 171 739 nt
190 665 342 763 vulgares
367 665 480 740 serunt
503 665 652 755 codices,
679 695 764 767 quos
788 664 883 767 sequi
905 663 1087 753 malumus,
1110 695 1194 740 vers.

135 782 200 884 597
222 800 258 857 et
274 781 367 883 598:

297 928 437 983 solemnes
447 930 523 981 Indos
533 934 598 983 circi
605 929 750 996 celebrate,
767 927 902 997 Quirites,

331 1020 393 1073 Non
405 1019 458 1073 visa
470 1030 509 1073 est
520 1018 616 1073 sortem
629 1038 707 1074 scena
718 1018 811 1073 decere
824 1019 921 1073 Deum.

133 1163 170 1210 er
188 1133 313 1236 quibus
330 1134 428 1210 simul
445 1135 574 1210 collatis
591 1136 800 1210 manifestum
818 1155 886 1223 est,
905 1135 1005 1210 ludos
1023 1135 1202 1238 quotannis

133 1250 173 1323 ad
184 1268 224 1323 tv
241 1253 333 1324 1sz
345 1252 463 1325 Mults
479 1250 514 1324 in
524 1251 610 1324 circo
624 1250 808 1326 celebratos
821 1253 935 1326 Romu
946 1250 1067 1339 fuisse,
1080 1277 1118 1323 cr
1131 1279 1200 1352 quo

132 1418 191 1473 satis
203 1429 245 1473 est
257 1421 382 1475 meruisse
394 1426 473 1476 semel
481 1415 736 1492 cognominaMani
744 1423 935 1491 :Persequitur
951 1424 1049 1476 Partha
1062 1428 1137 1490 segra
1153 1441 1203 1476 re-

131 1515 203 1558 tenta
219 1525 297 1558 manu
309 1515 358 1559 ete.
370 1508 479 1569 Pande,
493 1506 577 1560 refers
586 1510 706 1575 aan‘las:
723 1506 804 1560 victos
814 1524 920 1576 quoque
933 1505 1043 1576 porrigis
1058 1525 1139 1560 arcus.
1151 1505 1203 1559 Pi-

132 1606 212 1656 gnora
231 1588 287 1655 jam
303 1589 385 1642 nostri
402 1588 473 1642 nulla
487 1588 594 1658 pudoris
608 1589 702 1656 babes,
716 1589 776 1643 Rite
795 1589 855 1643 Deo
866 1592 1036 1658 templumque
1049 1587 1139 1641 datum
1152 1607 1203 1641 no·

131 1687 246 1736 menque
258 1671 298 1720 dis
308 1672 360 1722 ulto
372 1679 420 1723 etc.
435 1691 448 1716 ι»
467 1670 538 1737 Quo
554 1670 575 1723 si
588 1671 637 1722 rite
650 1689 712 1724 curn
724 1670 825 1724 ceteris
841 1670 1000 1724 carminibus
1014 1668 1202 1738 conferantur,

134 1753 232 1824 liquido
246 1753 362 1824 patebit,
381 1773 549 1824 nequaquam
562 1755 624 1809 binc
636 1755 731 1826 ambigi
743 1775 834 1824 posse,
848 1776 862 1803 s
876 1775 909 1808 an
922 1755 1016 1826 duplici
1026 1767 1203 1825 cognomento

134 1859 148 1885 ι
158 1838 236 1891 Mars
246 1839 274 1891 in
286 1837 380 1892 eodem
396 1839 494 1907 templo
501 1839 642 1906 sitcultus,
655 1858 687 1892 sn
699 1838 753 1891 duo
763 1849 849 1912 essent
862 1837 976 1908 templa,
989 1839 1090 1893 Ultoris
1101 1849 1129 1891 et
1140 1840 1200 1892 Bis-

132 1943 146 1968 »
158 1921 268 1988 ultoris,
280 1944 294 1968 »
305 1931 336 1974 ut
347 1933 436 1975 censet
447 1921 568 1975 Donatus
584 1921 635 1991 (de
653 1921 717 1974 urbe
734 1921 813 1975 Rom.
825 1921 869 1974 lib.
878 1922 923 1990 ll,
937 1940 991 1991 cap.
1002 1941 1031 1973 aa
1042 1924 1069 1988 l,
1087 1939 1202 1991 quocum

131 2008 188 2074 alii,
204 2005 382 2074 Torrentius,
403 2005 532 2073 Nardini,
545 2017 594 2060 etc.
609 2026 640 2059 ex
653 2006 773 2060 hocloco
788 2025 818 2059 ac
830 2005 917 2059 Dione
930 2005 990 2072 (lib.
1001 2006 1076 2071 LlV,
1092 2026 1116 2076 p.
1130 2005 1201 2074 526)

131 2087 275 2158 eolligunt,
292 2098 386 2155 preter
396 2086 447 2141 boc
460 2086 589 2157 ternplum
607 2087 633 2139 in
649 2087 718 2140 Poro
730 2086 852 2155 Augusto
868 2086 951 2141 Marti
963 2086 1052 2140 Ultori
1066 2105 1204 2140 consecra-

132 2185 210 2241 tum,
226 2172 297 2226 aliud
311 2172 392 2226 etiam
408 2170 547 2225 delubrum
567 2172 677 2226 minoris
695 2172 819 2242 impenso.
840 2172 867 2224 in
888 2169 1019 2240 Capitolio
1038 2172 1152 2242 positum
1170 2172 1202 2224 ab

132 2259 263 2327 Augusto.
276 2257 378 2307 Verum
390 2253 503 2308 Ovidius
511 2272 595 2307 unum
603 2255 683 2307 modo
695 2255 839 2324 templum,
850 2254 921 2324 quod
931 2254 1012 2309 Marti
1024 2253 1111 2308 Ultori
1123 2253 1204 2308 luerit

132 2360 236 2397 sacrum
247 2360 282 2394 eo
293 2340 319 2392 in
331 2340 417 2403 Foro,
433 2355 538 2407 quoque
552 2358 676 2408 suspensa
688 2338 788 2392 luerint
799 2340 871 2409 signa
886 2339 1033 2393 Romanae
1047 2338 1148 2393 Parthis
1159 2360 1202 2394 re·
1266 2377 1272 2398 .

132 2437 220 2497 cepta,
234 2423 363 2493 indigitat.
375 2423 429 2476 Dio
441 2422 565 2491 quidem,
581 2434 611 2475 ut
630 2423 777 2492 vulgaribus
797 2425 853 2492 ejus
870 2423 1001 2477 codicibus
1019 2423 1149 2491 hebetur,
1169 2425 1202 2477 de

131 2509 185 2564 istis
195 2507 278 2580 signis
292 2526 371 2577 agens
382 2507 414 2559 ad
431 2526 472 2559 an.
486 2507 521 2560 U.
537 2504 568 2558 C.
584 2522 738 2576 uccxxxrv,
752 2528 805 2577 quo
823 2510 956 2581 Augustus
967 2530 996 2564 ea
1010 2512 1127 2580 recepit,
1146 2511 1201 2566 lroec

132 2593 237 2664 prodit:
249 2615 263 2638 c<
281 2591 372 2662 ltaque
384 2602 411 2644 et
421 2590 545 2645 sacrificia
556 2591 612 2659 ejus
623 2590 661 2643 rei
674 2610 767 2656 causa,
781 2603 808 2646 et
819 2593 948 2663 templum
960 2594 1055 2648 Martis
1065 2594 1166 2649 Ultoris
1174 2597 1201 2648 in

132 2699 145 2724 ¹·
160 2678 310 2749 CapitoliO,
326 2676 357 2729 ed
372 2676 546 2729 imilationem
565 2676 639 2729 Jovis
652 2676 780 2741 Feretrii,
798 2681 866 2732 Koreai
877 2682 903 2732 ci
914 2689 953 2733 τοῦ
965 2683 1017 2740 dede
1030 2690 1144 2757 brprrpisu
1156 2687 1202 2745 ζὴ·

132 2783 146 2808 ι
157 2770 243 2830 tm,
258 2777 313 2829 quo
326 2759 399 2828 signo
410 2777 441 2811 ea
452 2757 574 2810 militaris
584 2757 824 2828 suspenderentur,
844 2759 950 2812 decerni
963 2759 1053 2828 jussit,
1065 2780 1094 2814 ac
1101 2761 1202 2826 deinde

133 2845 279 2915 »perfecit
292 2866 306 2891 ¹·
327 2845 364 2897 At
380 2843 423 2896 hic
439 2842 510 2897 locus
530 2842 630 2896 mendo
651 2863 706 2897 non
729 2851 816 2909 caret,
838 2843 955 2914 mihique
973 2856 1091 2908 constat,
1105 2847 1201 2912 verbo,

132 2928 285 2983 Scribarum
295 2925 370 2996 culpa
379 2926 447 2979 male
457 2924 594 2979 deturbata
605 2966 612 2991 ,
626 2926 662 2979 sic
676 2946 729 2979 esse
739 2926 901 2980 restituenda
914 2948 944 2980 :c
957 2927 1098 2997 Templum
1108 2929 1202 2984 Martis

133 3035 147 3060 ¹·
159 3013 278 3078 Ultoris,
290 3010 415 3064 adinstar
426 3008 492 3062 illius
507 3008 580 3062 Jovis
597 3009 709 3063 Feretrii
728 3011 754 3063 in
774 3008 920 3079 Capitolio,
940 3030 1009 3080 quo,
1028 3025 1077 3066 etc.
1094 3012 1201 3066 decerni

133 3117 147 3142 ι
158 3095 250 3166 jussit,
264 3106 311 3149 etc.
326 3119 338 3140 ν
356 3092 434 3148 Ratio
450 3103 506 3160 est,
520 3092 590 3162 quod
604 3092 734 3160 Ovidius,
753 3093 948 3163 Suetoniusque
961 3094 993 3147 ad
1008 3096 1094 3149 solum
1107 3096 1202 3151 Martis

132 3179 261 3249 templum
274 3180 302 3230 in
315 3177 384 3231 Foro
399 3176 518 3246 Augusto
530 3187 709 3230 constructum
722 3177 860 3244 celerant,
880 3197 937 3247 quae
957 3178 1050 3233 Dionis
1069 3192 1152 3234 textus
1168 3180 1200 3233 ad

132 3262 202 3315 aliud
219 3264 247 3315 in
264 3258 394 3330 Capitolio
405 3260 578 3313 constitutum
592 3259 676 3312 trahit.
688 3259 746 3313 Atia
758 3261 921 3329 preterimus
934 3275 1103 3332 argumenta,
1118 3283 1200 3333 quum

131 3347 160 3401 id
171 3349 232 3402 satis
242 3347 293 3400 boc
304 3345 360 3400 loco
375 3347 416 3399 sit
432 3344 563 3398 Addimus
573 3344 670 3411 modo,
690 3346 711 3399 si
722 3346 834 3400 Nasonis
844 3365 932 3400 versus
943 3358 1076 3417 postremo
1085 3349 1205 3418 prolatus

131 3453 194 3487 cunr
217 3431 260 3487 Cl.
278 3432 336 3486 Nic.
356 3430 468 3485 Heinsio
484 3450 516 3484 ex
533 3430 590 3483 cod.
612 3427 685 3483 MSS
700 3430 815 3500 legatur,
833 3431 936 3484 nullum
953 3433 1035 3486 Marti
1050 3452 1198 3504 cognomen

131 3519 273 3571 Be'sslloris
283 3535 337 3570 esse
347 3514 440 3569 datum
450 3537 457 3579 ;
472 3513 518 3567 sed
530 3525 634 3584 poetam
647 3513 745 3567 ibidem
753 3525 857 3568 tantum
866 3514 959 3569 docere
970 3554 977 3581 ,
993 3518 1089 3570 Ultoris
1100 3538 1200 3589 cogno-

131 3619 196 3654 men
212 3600 274 3653 buic
287 3599 347 3653 Deo
359 3598 488 3653 tributum
502 3598 598 3660 luisse;
613 3597 683 3667 quod
699 3598 780 3652 semel
795 3598 885 3668 bisque
897 3600 979 3654 sitrcs
987 3620 1109 3655 romanas
1123 3605 1200 3659 ultus.

131 3685 190 3740 Nec
200 3684 313 3754 proinde
327 3683 397 3738 aliud
410 3683 582 3754 querendum
596 3693 636 3737 est
646 3681 791 3751 tempium,
807 3681 878 3751 quod
890 3683 984 3738 Martis
996 3688 1135 3740 Besultoris
1151 3708 1200 3742 vo·

131 3778 221 3820 catum
231 3766 319 3819 suerit.
334 3765 390 3819 Nec
401 3766 481 3819 etiam
493 3785 524 3818 ex
540 3763 634 3833 duplici
648 3763 746 3833 templo
759 3763 871 3834 petenda
880 3784 940 3819 cum
953 3765 1096 3820 Torrentio
1107 3788 1200 3835 causa,

131 3852 333 3903 memeadeu
344 3853 371 3900 ia
382 3853 489 3901 ammei
500 3850 613 3899 omuibus
621 3848 714 3898 Mam}
724 3845 898 3912 templisoma
908 3853 1023 3901 cernetur.
1037 3847 1068 3901 ln
1077 3851 1201 3905 omnibus

130 3934 207 3987 eninr
231 3933 348 3986 Msttrts
372 3932 500 3986 Uerona
525 3931 613 3986 titulus
637 3931 750 4000 legitur;
767 3943 844 4002 atque
865 3953 948 4002 quum
963 3935 989 3987 in
1009 3938 1208 3994 nonnullissex'

131 4018 264 4074 columnae
279 4036 340 4070 curn
356 4017 436 4086 signis
448 4015 602 4070 militaribus
617 4025 777 4080 cernantur,
796 4017 825 4069 in
840 4017 894 4072 aliis
910 4038 974 4072 vero
991 4032 1104 4088 quatuor
1116 4024 1200 4078 solum

129 4102 264 4156 columne
279 4120 340 4155 cum
351 4102 407 4170 ipso
423 4100 511 4153 Marte
524 4100 597 4169 signa
615 4109 738 4167 gerente;
754 4098 810 4154 hnc
820 4103 929 4157 varietas
941 4103 973 4156 ad
988 4106 1070 4160 varias
1082 4107 1200 4175 ejusdem

132 4186 225 4256 templi
244 4187 322 4242 iacies
334 4186 429 4240 referri
441 4196 534 4254 potest.
554 4184 623 4239 Vide
636 4184 781 4254 Nostrum,
801 4186 869 4242 Fast.
880 4186 923 4242 lib.
938 4190 974 4256 V,
988 4209 1052 4245 vers.
1067 4191 1200 4254 ser-56&

132 4267 214 4325 Trist
224 4269 267 4323 lib.
279 4268 321 4335 ll,
335 4287 401 4322 vers.
413 4273 469 4340 ²95·
