3159 5134
258 552 320 620 DE
343 551 496 618 OVlDll
521 549 706 619 EXSILIO
729 552 800 617 ΕΤ»
815 551 1097 624 SEPULCHRO.
1154 564 1218 655 257

149 712 278 769 serente
294 693 413 766 iterum
434 689 618 778 Suetonio,
632 720 702 792 cap.
723 691 786 780 23,
804 692 1026 795 praedicabat:
1044 732 1061 762 α
1077 698 1221 775 Matrem

151 853 169 885 »
191 846 286 894 suam
303 844 342 890 ex
361 817 507 902 incesto,
526 814 616 916 quod
641 817 817 911 Augustus
840 844 915 891 cnm
931 816 1022 894 dulia
1043 818 1110 896 filia
1129 852 1221 898 com-

151 977 170 1011 »
189 943 355 1027 misisset,
376 955 592 1041 procreatam.
616 972 633 1003 a
659 937 786 1027 Credo,
804 959 844 1015 ut
867 969 962 1015 suurn
985 941 1092 1044 ipsius
1113 946 1220 1022 scelus

149 1063 449 1142 communicatione
473 1063 534 1137 hac
562 1060 666 1135 levius
692 1062 856 1152 redderet,
869 1064 938 1165 ‘qui
964 1092 1038 1141 cum
1066 1071 1221 1146 omnibus

149 1189 323 1267 sororibus
342 1188 449 1289 stupri
467 1185 739 1262 consuetudinem
760 1186 891 1262 lecerat.
916 1189 980 1263 Sed
995 1190 1061 1292 jam
1079 1193 1121 1267 ad
1138 1194 1222 1270 alte-

148 1294 219 1390 ram
235 1312 326 1388 illam
343 1329 468 1414 partem
485 1310 645 1386 calamum
662 1330 773 1401 verto,
791 1341 864 1413 qua
881 1312 921 1388 de
945 1315 1123 1417 sepulcbro
1140 1322 1218 1416 agit.

148 1443 277 1514 Tomos
292 1437 471 1533 relegatum
488 1435 589 1510 luisse
606 1435 815 1511 manifestum
836 1455 895 1515 est.
921 1440 1051 1514 Nomen
1067 1443 1184 1543 oppidi
1202 1476 1221 1517 a

149 1561 307 1639 sabulosa.
321 1559 457 1661 Absyrti
469 1558 666 1633 dissectione
683 1587 722 1633 ex
734 1559 874 1634 historia
888 1563 1155 1659 Argonautarum
1168 1595 1220 1640 ar-

150 1688 249 1762 cessit
263 1685 336 1786 ipse
352 1682 516 1769 Ovidius,
533 1682 635 1757 Trist.
662 1680 722 1756 lib.
747 1685 815 1771 lll,
832 1683 924 1780 Eleg.
953 1704 1009 1774 tx,
1036 1705 1160 1762 etcum
1178 1718 1216 1764 eo

150 1807 247 1884 multi
267 1806 343 1895 alii,
362 1822 476 1879 contm
497 1833 584 1906 qnos
601 1834 642 1880 ne
659 1804 783 1881 lusoria
802 1806 936 1906 quidem
953 1836 1041 1882 arma
1066 1810 1230 1911 expedire·

151 1932 416 2035 operaepretium
429 1930 529 2004 fuerit
543 1930 708 2006 intestinis
720 1932 807 2006 intra
817 1961 852 2007 se
866 1933 1011 2010 dissidiis
1020 1935 1217 2015 laborantes.

151 2056 277 2132 Confer
286 2059 393 2130 Notas
401 2054 519 2155 Thysii
529 2054 569 2128 ad
580 2053 731 2129 Medeam
740 2057 888 2142 Seneca,
904 2060 978 2130 Act.
991 2061 1071 2159 l,p.
1081 2089 1123 2132 m.
1141 2062 1217 2135 108.

151 2181 271 2257 Verior
283 2177 418 2253 illorum
427 2178 563 2279 opinio,
583 2178 639 2279 qni
653 2208 671 2251 a
683 2179 791 2252 'l'omo
808 2180 954 2281 quodam
973 2182 1141 2257 conditum
1158 2186 1220 2258 ad-

152 2323 277 2381 serunt.
300 2306 340 2377 ln
353 2303 447 2401 cujus
461 2302 509 2375 rei
524 2300 623 2375 fidem
636 2301 746 2375 adsero
758 2302 857 2376 verba
870 2303 1008 2377 Davidis
1021 2307 1218 2405 Huschelii‚

152 2429 249 2502 Notis
263 2427 306 2501 ad
318 2423 561 2501 Bibliotberam
578 2423 710 2511 Photii,
728 2454 761 2526 p.
779 2453 823 2497 m.
844 2424 915 2526 962
932 2456 940 2499 z
959 2461 976 2491 «
991 2429 1090 2502 Tomi
1104 2432 1218 2506 condi-

156 2587 173 2616 »
192 2552 275 2626 toris
286 2577 442 2624 nummus
453 2546 1220 2651 areusBysantioadlatnsexstatapudM.Vel-

156 2710 172 2741 »
183 2704 315 2761 serum,
329 2690 423 2776 parte
436 2672 570 2746 adversa
581 2672 688 2772 ipsius
697 2670 798 2746 Tomi
805 2673 947 2768 imagine
960 2692 994 2747 et
1005 2674 1219 2776 inscriptione

157 2834 173 2864 a
189 2814 600 2883 conservassemus
610 2795 868 2869 Herculestantc
878 2813 911 2868 et
922 2795 1027 2871 literis
1039 2815 1221 2866 rousrrnu

155 2959 172 2990 n
191 2921 326 3018 insigni.
348 2952 367 2986 a
391 2921 471 3017 Quo
489 2937 597 2993 autem
622 2937 770 3018 tempore
793 2918 917 2993 factum
934 2920 1052 3003 fuerit,
1075 2922 1219 3023 reperire

51 3048 53 3053 ’
152 3047 298 3122 nondum
317 3043 423 3146 potui.
438 3042 537 3116 lstnd
555 3059 663 3115 tamen
683 3042 810 3129 miror,
827 3043 869 3116 ab
894 3043 1069 3117 Herodoto
1092 3043 1219 3120 nullam
1284 3104 1287 3109 .

153 3169 268 3271 oppidi
286 3167 487 3241 mentionem
509 3163 597 3252 fieri,
616 3165 674 3265 qui
691 3182 799 3238 tamen
821 3164 948 3265 reliqua
971 3167 1070 3239 Ponti
1091 3169 1217 3242 Euxini

152 3294 235 3369 circa
249 3292 328 3366 lstri
340 3291 424 3365 ostia
435 3289 515 3364 satis
526 3286 694 3361 describit.
709 3289 764 3360 An
774 3304 852 3388 post
867 3287 961 3362 illum
974 3288 1105 3364 demum
1118 3293 1218 3365 Tomi

152 3415 316 3489 oonditae?
330 3413 484 3487 Viderint
509 3411 634 3514 quibus
648 3408 877 3485 instructiores
895 3409 1120 3487 Bibliotheca.
1146 3404 1218 3487 1)Ιί-Ι

151 3539 227 3613 nius
240 3537 392 3639 quidem,
409 3534 468 3608 lib.
485 3536 543 3621 lV,
557 3562 628 3635 cap.
650 3558 689 3632 ¹7
703 3560 712 3619 ;
729 3529 835 3619 Mela,
852 3530 910 3604 lib.
925 3534 974 3620 ll,
992 3560 1063 3634 cap.
1079 3559 1101 3605 2
1116 3563 1124 3623 ;
1138 3538 1217 3610 Am·

151 3662 298 3748 anianus,
316 3657 376 3733 lib.
395 3659 494 3733 XXII
512 3674 545 3730 et
562 3658 715 3744 XXVII,
733 3654 912 3730 desultoris
927 3656 1117 3730 nominasse
1139 3686 1219 3734 con-

152 3785 250 3872 tenti,
266 3811 328 3857 nec
346 3778 520 3857 verbulum
537 3778 682 3865 addnut3
701 3778 824 3852 Strabo
841 3777 1038 3879 oppidulum
1050 3798 1145 3854 vocat
1160 3779 1218 3857 lib.

151 3909 217 3993 lll;
235 3906 349 3982 Ovidii
359 3923 446 3980 certe
456 3902 570 3977 exsilio
587 3901 800 3976 nobilitatum
816 3901 889 3976 luit.
910 3904 960 3976 lta
975 3903 1071 3977 etiam
1088 3903 1219 3979 calami-

20 4030 21 4067 l
154 4049 234 4106 tates
251 4059 446 4127 magnorum
463 4029 626 4111 virorum,
644 4054 714 4098 non
731 4042 824 4099 ortus
836 4024 955 4113 modo,
976 4026 1016 4101 ad
1033 4024 1150 4101 famam
1165 4060 1220 4103 ur·
1281 4092 1285 4109 ,

20 4170 22 4179 ‘
151 4154 244 4229 bium
254 4153 389 4233 faciunt.
401 4156 431 4231 Α
444 4147 951 4249 Constantinopolitanisdeiude
962 4151 1219 4252 imperatoribus

153 4295 265 4361 eontra
282 4276 485 4379 irruptiones
499 4274 725 4351 barbarorum
739 4274 893 4374 praesidio
909 4274 1036 4348 mnnita
1054 4274 1156 4348 luisse
1171 4274 1219 4346 ri·
1327 4316 1334 4326 ·

222 4418 337 4484 VIII.
1009 4439 1044 4504 ¹7
1094 4420 1095 4423 ’
