3159 5134
222 716 296 851 P.
334 710 659 846 OVIDII
694 710 1126 848 NASONIS

579 985 755 1085 VITA.

142 1191 207 1258 nx
239 1190 492 1299 vnrusro
530 1188 730 1259 comen
762 1188 1208 1274 numennumen,

213 1406 319 1451 cutus
329 1406 544 1455 APOGMPEUM
557 1404 675 1451 EXSTAT
687 1407 720 1452 {N
739 1406 897 1451 VATIGANA
911 1405 1132 1453 stntlo‘ruttct.

143 1858 319 1961 Punuus
336 1885 499 1957 Ov1n1us
516 1886 614 1958 Niso
628 1913 657 1958 a.
677 1884 708 1958 d.
729 1903 780 1959 ru
794 1884 859 1958 kat.
877 1884 983 1987 April.
1002 1887 1211 1965 Sulmonem

141 2010 290 2107 Pelignis
307 2027 494 2097 natusest,
522 2038 590 2109 quo
607 2036 694 2082 anno
709 2009 802 2084 bello
821 2011 1007 2085 Mutinensi
1023 2014 1062 2085 P.
1082 2012 1213 2091 Iturius

143 2153 176 2210 et
193 2137 232 2208 C.
250 2135 358 2208 Pansa
376 2162 459 2208 coss.
479 2132 565 2206 diem
580 2131 690 2206 obiere
708 2132 918 2208 :honoribus
934 2133 1213 2224 Romaelirnctus3

143 2258 206 2333 luit
222 2257 310 2331 enim
327 2256 453 2330 arbiter
475 2274 508 2330 et
532 2254 701 2345 triumvir,
731 2274 763 2329 et
782 2255 942 2357 judicium
960 2256 1047 2331 iuter
1064 2275 1213 2332 centum-

145 2385 232 2457 viros
254 2382 347 2455 dixit.
374 2382 445 2456 sub
473 2380 583 2459 Plotio
610 2381 740 2482 Grippu
767 2379 871 2455 literis
895 2382 1044 2457 eruditus
1064 2414 1072 2456 :
1095 2383 1214 2457 deinde

146 2509 232 2610 apud
255 2505 450 2582 Marcellum
475 2506 618 2580 Fuscum
643 2507 827 2593 rhetorem,
850 2507 943 2608 cujus
968 2508 1101 2581 auditor
1125 2509 1212 2596 fuit,

144 2633 269 2735 optimc
285 2630 488 2707 declamavit.
517 2632 710 2707 Admirator
729 2631 911 2733 plurimum
928 2631 1039 2706 Porcii
1058 2631 1214 2711 Latronis

147 2758 352 2861 fuit,qucrn
370 2757 451 2830 adeo
470 2756 617 2830 studiose
636 2756 780 2844 audivit,
799 2773 838 2830 ut
854 2754 975 2830 multas
998 2756 1067 2855 ejus
1083 2774 1215 2829 senten-

150 2882 209 2955 tias
224 2881 259 2954 in
273 2907 387 2954 versus
404 2908 484 2953 suos
501 2876 716 2953 transtulerit.
728 2904 731 2917 ’
743 2881 862 2954 Bonus
880 2878 1099 2968 declamator,
1117 2896 1149 2952 et
1163 2878 1214 2951 in-

149 3005 302 3101 geniosus
314 3003 451 3078 habitus
466 3019 534 3091 est;
553 3021 586 3076 et
598 3002 740 3109 carmine
754 3020 788 3077 et
801 3031 899 3103 prosa
913 3002 1049 3077 licenter
1060 3001 1212 3105 scripsit,

149 3128 270 3223 ingenii
288 3129 340 3203 sui
356 3128 439 3202 adeo
457 3145 599 3215 amator,
617 3126 656 3203 u't
673 3154 711 3200 ex
729 3126 790 3216 iis,
810 3155 882 3228 quie
898 3127 1003 3213 dixit,
1022 3125 1119 3201 etiam
1136 3153 1214 3227 pre-

151 3252 301 3325 cantibus
328 3252 441 3324 amicis
465 3250 550 3323 nihil
573 3250 759 3326 mutaverit.
778 3251 819 3323 lu
835 3249 1035 3323 carminibus
1059 3248 1138 3322 vitia
1156 3276 1215 3323 sua

150 3401 215 3447 nou
230 3374 417 3470 ignoravit,
434 3374 491 3448 scd
506 3362 636 3473 nmuvit.
655 3373 815 3448 Militavit
830 3362 894 3477 sub
912 3375 960 3455 M.
976 3376 1135 3447 Varrone.
1153 3374 1215 3451 Ju-

150 3494 193 3569 lio
205 3496 357 3571 Graecino
368 3497 595 3572 Grammatico
604 3494 781 3572 familiaris.
789 3484 947 3585 Tandem,
959 3526 1062 3598 quum
1073 3495 1216 3583 venisset

150 3622 183 3694 iu
205 3622 425 3725 suspicionem
448 3623 617 3718 Augusti,
642 3622 787 3696 creditus
814 3622 876 3698 sub
903 3604 1037 3697 numine
1059 3612 1214 3696 Cnriuuae

151 3773 272 3821 amasse
290 3744 435 3835 Juliam,
453 3746 487 3819 iu
505 3742 657 3825 exsilium
672 3747 794 3821 missus
810 3763 883 3821 est:
900 3744 1058 3835 exsulavit
1075 3745 1214 3833 Tomis,

150 3867 261 3971 ibique
278 3870 419 3947 decessit
434 3899 558 3945 annum
570 3899 670 3967 agens
687 3890 732 3944 tx
750 3870 977 3980 norissimum.
1048 3896 1052 3915 ⁸

564 4157 802 4189 nuo-—
