3159 5134
443 509 540 578 eea
564 511 596 576 J.
623 507 849 576 orsssou.
1116 508 1176 601 137

118 683 135 713 ι»
154 647 244 749 qnod
262 647 390 747 primns
409 645 582 721 aedificarit
595 646 759 720 Hostilius
772 673 840 721 rex.
857 678 875 711 »
899 646 973 718 Hoc
991 671 1089 718 sensu
1104 673 1183 745 pas·

119 765 177 838 sim
194 761 284 865 apud
301 762 459 861 antiquos
476 763 559 835 curio
574 764 663 835 venit
678 793 741 864 pro
752 762 848 848 loeo,
863 760 923 834 ubi
937 777 1068 835 senatus
1079 759 1182 833 habe·

118 880 232 964 batur,
252 896 285 952 et
303 877 457 952 translate
474 907 538 979 pro
553 878 629 980 ipso
649 897 782 952 senatus
808 905 864 953 seu
881 895 1021 978 patrum,
1039 875 1182 952 conscri-

118 1015 252 1097 ptorum
274 1023 423 1097 corpore.
452 997 605 1070 Disertns
631 1014 682 1069 est
707 993 858 1069 Suetonii
885 991 978 1067 loeus
1005 1002 1013 1031 ¹
1042 993 1082 1067 de
1110 995 1183 1066 Au-

119 1132 214 1210 gusto
231 1112 404 1187 scribens:
424 1148 440 1178 «
459 1113 590 1187 Liberis
610 1131 819 1200 senatorum,
839 1127 906 1212 qno·
920 1109 1058 1185 celerius
1073 1110 1184 1212 reipu-

122 1263 138 1292 »
154 1228 251 1303 blieae
267 1246 510 1316 assuescerent,
527 1229 683 1330 protinus
699 1228 826 1303 virilem
846 1246 978 1323 togam,
997 1224 1098 1301 latum
1120 1223 1184 1298 ela-

123 1380 138 1408 »
157 1377 233 1420 vom
252 1346 407 1434 induere,
426 1362 459 1419 et
479 1345 577 1420 enr'iae
594 1346 766 1432 interesse,
783 1344 951 1446 permisit,
968 1360 1028 1415 ete.
1052 1376 1070 1408 »
1096 1342 1183 1415 Hinc

121 1466 203 1567 apud
220 1464 397 1538 Horatium
412 1493 420 1550 ;
437 1463 495 1537 lib.
514 1466 567 1552 ll,
586 1464 652 1537 od.
671 1482 707 1550 1,
729 1491 812 1537 vers.
838 1460 879 1534 13
897 1478 931 1538 et
950 1461 1017 1553 14:

347 1611 452 1680 Insigne
465 1611 562 1665 mostis
573 1608 722 1679 presidium
735 1609 803 1675 reis,
891 1652 895 1656 ,
929 1619 938 1630 ·

378 1700 414 1754 Et
425 1700 572 1755 consulenti
586 1698 669 1753 Pollio
684 1699 779 1754 Curia„

126 1820 168 1890 Et
181 1819 326 1905 Noster,
345 1843 388 1889 ne
406 1815 518 1918 plnres
533 1816 700 1923 proferam
725 1831 844 1903 testes,
862 1814 951 1888 Sext.
969 1812 1185 1914 Pompeium,

126 1961 218 2032 quem
235 1931 406 2008 consulem
422 1932 582 2034 proximis
600 1930 751 2007 kalendis
763 1930 1007 2027 augurabatur,
1026 1956 1066 2001 ex
1086 1928 1184 2001 Pont.

122 2047 175 2122 lib.
195 2051 257 2138 lv,
276 2049 384 2150 Epist.
403 2067 458 2135 tv,
480 2077 561 2122 vers.
581 2047 628 2120 35
645 2066 679 2122 et
696 2046 765 2121 36:

287 2198 363 2250 Curia
375 2207 401 2250 te
415 2195 538 2264 excipiet,
547 2204 687 2266 patresque
700 2214 714 2249 e
729 2213 805 2248 more
818 2194 910 2247 vocati.

316 2285 461 2340 Intendent
475 2305 552 2340 aures
564 2286 596 2339 ad
611 2296 655 2340 tua
666 2287 746 2339 verba
755 2305 821 2339 suas.

124 2404 218 2490 ltem,
236 2402 364 2477 Foster.
385 2401 443 2482 lib,
468 2405 522 2490 ll,
540 2419 580 2476 nt
597 2401 811 2499 significaret,
830 2403 1057 2496 Angustnma
1079 2396 1187 2470 tribus

124 2517 316 2607 ordinibus,
333 2516 482 2621 populo,
500 2536 637 2605 senatu,
657 2536 689 2592 et
705 2516 893 2618 equitibus,
904 2516 1004 2617 potn's
1013 2513 1127 2616 potnit
1140 2512 1188 2585 ti-

125 2634 190 2709 tulo
207 2635 398 2710 decoratum
415 2663 500 2723 esse,
516 2637 563 2711 ait
578 2664 661 2710 vers.
686 2661 749 2735 127
767 2664 775 2708 ε
884 2669 888 2677 ·

283 2784 378 2838 Sancte
388 2783 578 2852 paterpatn'ael
590 2782 637 2836 tibi
649 2798 746 2849 eum,
762 2782 809 2835 tibi
821 2793 909 2835 cultra
921 2798 1010 2834 nomen
1106 2800 1107 2804 ¹

314 2875 375 2928 Hoc
387 2873 473 2941 dedit,
486 2872 537 2927 boc
549 2872 670 2927 dedimus
680 2892 729 2926 nos
742 2872 788 2925 tibi
802 2889 901 2924 nornen
915 2885 1011 2936 nouus.

170 3000 213 3072 11.
232 2998 342 3093 Igitur
355 3026 457 3098 quum
472 2995 613 3070 Ovidius
629 3022 719 3095 spem
737 3011 869 3069 senatus
885 3009 1002 3093 sponte
1017 2990 1187 3089 abjiceret,

128 3107 226 3184 letum
238 3139 372 3211 quoque
383 3109 509 3183 clarum
518 3166 527 3197 ,
536 3108 786 3210 istiussuprerni
799 3107 924 3181 ordinis
933 3105 1062 3200 insigne
1071 3160 1079 3191 ,
1089 3103 1189 3204 exuit,

125 3252 160 3298 ae
182 3243 360 3322 angustum
385 3223 512 3301 clavum
538 3224 706 3326 equitibus
733 3225 906 3326 proprium
931 3223 1059 3309 induit,
1076 3220 1188 3321 sicque

126 3342 202 3414 clari
211 3369 353 3415 mensuro
365 3357 469 3414 coacto
482 3356 549 3426 est;
566 3358 599 3414 et
612 3342 743 3442 quidem
758 3343 818 3415 otii
831 3358 959 3417 tantum
971 3368 1102 3422 amore,
1119 3366 1189 3411 non

125 3488 198 3533 rero
213 3487 321 3533 census
337 3458 492 3532 senatorii
511 3456 649 3532 defectu.
670 3461 704 3533 ls
721 3478 828 3533 autem
846 3474 1036 3535 senatorum
1049 3483 1186 3542 census,

124 3575 246 3674 (quem
259 3572 373 3674 paneis
388 3599 551 3673 exponere
564 3601 633 3646 non
648 3573 710 3647 erit
722 3574 782 3648 abs
797 3574 857 3671 re)
871 3574 1103 3672 octingentorum
1117 3570 1189 3643 mil·

124 3687 194 3759 bicor
208 3686 311 3761 luisse
329 3686 459 3760 videtur
473 3712 513 3759 ex
526 3686 685 3762 Suetonio
704 3696 739 3776 ²,
757 3688 863 3760 donec
876 3692 1068 3782 Augustus,
1086 3712 1190 3786 quum

125 3796 219 3879 multi
248 3833 308 3905 per
326 3801 430 3891 bella,
448 3802 555 3878 civilia
577 3832 716 3906 nempe,
734 3804 880 3904 paternis
900 3803 1034 3905 spoliati
1049 3803 1191 3877 fuissent

123 3917 239 4008 bonis,
259 3920 301 3994 ad
316 3920 538 4022 quadringenta
553 3921 650 3994 millio
665 3921 814 3995 eumdem
835 3920 1017 4017 redegerit,
1034 3937 1073 3994 ut
1091 3917 1102 3957 ³
1123 3917 1188 3993 Dio

149 4097 165 4174 '¹
182 4094 216 4147 ln
229 4094 296 4163 Aug.
306 4111 363 4162 cap.
373 4093 413 4148 38.

156 4186 168 4215 ²
184 4183 217 4237 ln
232 4185 300 4253 Aug.
311 4203 366 4254 cap.
378 4187 418 4251 4¹·

156 4272 167 4305 ³
185 4274 241 4329 Lib.
253 4275 315 4329 LIV
325 4313 334 4342 ,
345 4294 402 4346 pag.
419 4277 483 4342 532,
497 4280 529 4343 54
546 4317 551 4327 .
