3159 5134
459 595 554 662 nnn
579 596 612 661 J.
638 593 865 663 neesson.
1130 619 1197 688 219

128 768 148 804 s
167 735 233 821 eit,
249 732 332 809 mibi
344 732 507 836 fratrique
516 761 606 822 meo,
618 735 704 810 inter
715 735 903 836 precipuos
918 732 1201 809 donisetlornatos

129 883 147 917 ³»
166 849 276 936 viros,
291 849 456 923 'comitari
483 848 632 944 contigit.
659 880 677 914 »
711 848 893 923 Suetonius
916 846 1032 922 itidem
1058 847 1199 923 scribit:

130 963 326 1055 «Tricorium
354 964 589 1066 triumphantem
618 981 814 1066 prosecutos
835 991 901 1037 esse
926 964 1022 1038 etium
1047 962 1200 1059 legatos,

132 1112 150 1145 »
170 1077 298 1180 quibus
318 1076 530 1179 triumphalia
546 1095 737 1152 ornamento
753 1078 956 1179 impetrarat.
975 1112 993 1143 »

178 1200 225 1272 V.
252 1194 351 1270 Unde
376 1195 494 1283 simul,
513 1215 552 1272 ut
572 1196 637 1270 hoo
672 1195 849 1285 addamus,
873 1193 1106 1293 intelliguntur
1128 1223 1201 1297 qnae
1309 1246 1314 1255 -

127 1315 250 1387 Noster
277 1312 449 1387 Messalino
474 1312 613 1401 scribit,
633 1312 743 1413 Epist.
774 1332 823 1400 tt,
849 1313 999 1387 eumdem
1015 1339 1201 1386 memorans

129 1428 356 1530 triumphum,
377 1456 462 1504 vers.
478 1427 614 1521 8184:

292 1578 350 1649 lpse
361 1577 522 1645 (Tiberius)
534 1594 615 1646 super
626 1594 736 1631 currum
747 1575 850 1646 placido
862 1573 1006 1646 spectabilis
1018 1592 1064 1628 ore

327 1671 462 1740 Tempora
474 1668 589 1724 Pboebea
601 1668 702 1739 virgine
713 1688 778 1722 nexo
790 1668 857 1722 tulit.

294 1762 386 1833 Quem
391 1768 440 1831 pia
451 1776 593 1815 romscot
600 1764 686 1829 proles
696 1760 832 1815 comitavit
843 1770 969 1827 euntem,

323 1854 413 1925 Digna
426 1863 535 1923 parente
547 1871 607 1919 suo,
618 1851 824 1921 nominibusque
836 1850 921 1917 datis,
938 1861 987 1905 etc.

105 2059 108 2069 ¹
126 1972 329 2050 Messalinus
344 1998 463 2074 nempe
478 2000 517 2046 ex
535 1970 602 2045 illis
621 1989 691 2045 erat
707 1968 846 2066 legatis,
863 1968 988 2070 quibus
1008 1986 1199 2043 ornamenta

128 2091 342 2195 triumphalia
368 2091 459 2165 suere
479 2090 576 2179 (lata,
595 2091 640 2163 ob
663 2089 768 2164 resin
788 2086 879 2162 bello
896 2086 1029 2188 Illyrico
1046 2084 1199 2188 praeclare

128 2225 255 2304 gestos,
272 2222 313 2280 ut
333 2204 529 2278 nominatim
555 2200 701 2277 Velleius
722 2211 730 2241 ¹
752 2201 791 2276 de
810 2202 886 2303 ipso
912 2217 1051 2276 testatur
1074 2202 1200 2275 Messe-

129 2325 212 2413 lino;
233 2324 359 2426 quique
374 2318 458 2397 udeo'
475 2321 647 2395 Tiberium
663 2322 697 2395 in
714 2348 837 2423 pompa
848 2317 1042 2421 triumphali
1054 2327 1067 2357 ²
1081 2332 1199 2394 cuntem

129 2439 289 2516 comt'tou't.
304 2439 404 2512 Hunc
416 2438 527 2538 ipsum
539 2436 702 2511 bonorem
716 2435 825 2511 adbuc
838 2436 947 2532 tangit
959 2463 1008 2508 vs,
1024 2461 1066 2535 9¹
1085 2452 1119 2508 et
1132 2458 1178 2534 92
1190 2461 1199 2507 ε

292 2589 375 2642 Hune
386 2585 466 2652 eolis,
479 2596 539 2639 onte
553 2583 624 2641 diem
637 2603 776 2655 perquem
788 2583 895 2638 decreta
907 2582 1039 2650 merenti,

227 2746 231 2753 ἡ
328 2680 413 2735 Venit
422 2678 559 2733 honoratis
569 2681 657 2731 oue·
668 2676 748 2748 digna
757 2677 847 2731 comis.

125 2800 180 2874 Sie
194 2799 356 2873 nimirum
373 2798 453 2894 legit
472 2795 513 2873 cl.
539 2797 611 2871 Nic.
629 2795 808 2884 Heinsius,
833 2794 981 2898 priorem
1006 2821 1137 2869 versum
1158 2791 1200 2865 de

126 2916 262 2991 Tiben‘o
277 2914 482 3011 intelligens,
502 2914 560 3016 qui
579 2913 765 2989 Messalino
782 2912 928 2987 lauream
944 2911 1125 2987 antediem
1144 2909 1201 2983 de·

126 3034 273 3109 uenerit.
291 3034 417 3107 Verum
430 3031 561 3120 malim,
581 3059 684 3133 quum
704 3030 835 3106 codices
861 3031 943 3105 varii
960 3031 1043 3118 sint,
1061 3029 1101 3104 de
1123 3029 1199 3131 ipso

127 3154 284 3248 Augusto
296 3148 406 3223 locum
418 3147 622 3244 intelligere,
638 3176 699 3249 per
711 3175 830 3250 quem,
845 3175 914 3220 non
931 3175 1010 3222 vero
1021 3175 1083 3248 per
1096 3146 1201 3220 Tibe-

128 3269 235 3357 num,
252 3294 313 3343 oeu
324 3260 491 3341 'murmane
506 3293 617 3340 rernm
635 3282 801 3361 gerentem
820 3262 929 3339 laurea
948 3264 984 3337 S.
1003 3265 1042 3338 C.
1059 3264 1202 3338 ducibus

131 3386 256 3462 decreta
271 3402 330 3460 est.
346 3384 476 3460 ideirco
493 3383 541 3459 sie
555 3382 669 3486 potius
682 3383 783 3458 istum
797 3381 941 3479 legerem
954 3375 1152 3489 versiculum
1167 3412 1176 3456 :

296 3534 379 3588 Hunc
388 3533 451 3589 eolis
459 3543 524 3587 ante.
535 3531 644 3600 neus,
657 3550 705 3603 pes
715 3550 797 3603 quem
810 3530 916 3586 ‹leet-eta
928 3530 1044 3585 merenti

325 3625 427 3693 Venit,
443 3635 493 3680 etc.

160 3770 168 3798 ¹
186 3766 246 3821 Lib.
258 3767 304 3835 ll,
316 3787 373 3837 cop.
389 3787 443 3821 ιη.

161 3858 173 3889 ²
189 3856 276 3926 Cujus
286 3858 357 3912 votis
367 3858 426 3912 loco
437 3857 505 3914 mele
521 3858 553 3913 el.
569 3858 627 3914 tue
648 3858 775 3913 Heinsius
795 3867 910 3913 orantem
923 3857 1109 3927 reponendum
1129 3858 1205 3912 arbi·-

128 3954 230 4010 trator,
241 3943 313 4013 quod
325 3944 448 3999 Tiberius
460 3944 494 3998 ob
506 3964 548 3998 res
559 3944 629 3999 bello
640 3944 802 4000 Gemanico
814 3956 897 4016 gestas
908 3955 935 3999 et
945 3962 1024 3997 orans
1038 3953 1148 3997 etcum
1158 3964 1207 3998 rm-

127 4029 181 4079 iem
194 4032 323 4095 imunt
338 4039 389 4091 est,
402 4027 533 4083 scribente
552 4027 701 4094 Suetonio,
720 4027 764 4081 lss).
777 4027 836 4096 111,
849 4047 904 4099 cup.
913 4049 938 4101 q.
957 4026 1040 4097 Atqui
1051 4027 1072 4081 is
1084 4026 1135 4082 boe
1147 4027 1205 4082 looo

128 4108 160 4163 tle
173 4110 254 4164 rebus
265 4109 384 4180 loquitur
394 4130 409 4165 a
421 4111 531 4165 Tiberio
541 4111 620 4181 gestis
631 4131 674 4165 on.
685 4112 721 4166 U.
734 4112 766 4166 C.
781 4127 899 4182 nccxnt',
911 4132 941 4166 oc
950 4113 1053 4181 subseq.
1064 4130 1118 4182 quo
1129 4121 1204 4165 tem·

127 4211 191 4263 pore
211 4193 351 4249 Tiberium
366 4214 457 4250 orasse
475 4195 556 4250 tradit
573 4213 677 4265 quoque
696 4196 831 4264 Velleius,
843 4196 887 4250 tn.
905 4197 949 4264 ΙΙ,
964 4196 1076 4268 αμςθ,
1089 4215 1119 4249 ac
1129 4192 1203 4259 Dio,

125 4274 170 4331 lib.
181 4278 243 4343 LV,
254 4299 313 4349 paq.
326 4284 390 4354 549,
404 4279 476 4350 quod
494 4299 550 4333 non
568 4291 625 4334 erat
639 4279 860 4335 oonluudendom
879 4300 940 4335 cum
956 4278 1093 4348 triumpho
1110 4274 1203 4348 viginti

127 4372 186 4430 post
195 4364 273 4419 annis
284 4363 374 4433 docto,
385 4374 413 4420 et
425 4362 535 4435 quidem
541 4364 576 4419 ob
589 4382 632 4420 res
643 4364 817 4432 Pannonicus,
828 4374 877 4422 eto.
885 4382 940 4420 non
952 4382 1015 4420 vero
1022 4360 1201 4419 Germanicas·
