3159 5134
370 457 430 499 cno
697 434 737 504 P.
764 436 942 503 OVIDll
966 434 1095 503 VITA

362 573 550 648 Difficultas
569 575 685 650 exinde
701 577 826 663 oritur,
843 576 933 678 quod
944 576 1024 649 varii
1038 575 1430 651 inter'ltomanosuium-

299 720 304 741 ¹
367 691 424 764 vin'
437 690 631 764 exstiterint.
652 695 699 766 At
712 721 789 766 vero
805 691 860 765 bic
878 692 919 765 de
935 690 994 765 illo
1010 690 1118 766 solum
1133 692 1321 766 triumviratu
1336 694 1431 790 cogi-

366 806 502 879 tandum
518 807 625 894 venit,
646 808 703 908 qui
719 809 931 904 magistratus
943 826 1010 882 erat
1023 808 1224 884 necessarius
1238 808 1431 886 adolescen-

366 923 475 1011 tibus,
494 924 528 996 in
554 942 686 999 senatus
712 953 803 1025 spem
821 924 924 999 latum
941 925 1068 1002 clavum
1082 926 1296 1022 gerentibus,
1323 929 1431 1029 qualis

367 1039 509 1114 Ovidius
524 1040 590 1112 hoc
606 1056 753 1139 tempore
766 1040 840 1113 suit.
856 1040 984 1116 Idcirco
997 1041 1088 1116 litem
1101 1043 1154 1117 bis
1167 1045 1268 1117 modo
1281 1044 1433 1120 terminis

366 1157 590 1231 circumscribi
617 1157 699 1233 mibi
721 1157 884 1242 videtum·
899 1178 937 1233 ut
966 1161 1175 1261 querendum
1198 1161 1365 1262 supersit,
1389 1192 1434 1237 an

367 1277 488 1348 Noster
501 1275 765 1350 annumerandus
780 1276 970 1365 triumviris,
977 1278 1028 1351 vet
1041 1279 1237 1379 capitalibus,
1253 1279 1305 1354 vel
1317 1282 1432 1381 potius

366 1392 579 1476 mouelulr‘bus,
604 1392 662 1491 qui
676 1393 774 1464 etiam
791 1393 912 1494 passim
930 1394 965 1466 in
981 1395 1124 1469 nummis
1141 1423 1178 1470 ac
1191 1393 1357 1504 lapidibus
1380 1399 1431 1470 Ill

261 1604 265 1610 ι
367 1509 467 1581 vtltl
486 1510 526 1581 A.
546 1510 587 1582 A.
607 1510 647 1581 A.
666 1511 702 1583 F.
720 1510 757 1581 F.
772 1566 781 1598 ‚
797 1509 832 1582 id
849 1527 920 1599 est,
943 1539 1046 1597 auro,
1066 1528 1219 1606 argento,
1236 1539 1296 1585 rere
1321 1511 1433 1585 flando

367 1622 520 1696 [oriundo
538 1622 720 1717 signantur.
740 1624 871 1697 Etenim
890 1623 1039 1718 geminus
1057 1641 1185 1697 tantum
1200 1624 1293 1698 hicce
1316 1625 1432 1698 trium·

368 1738 494 1812 viratus
507 1767 525 1811 a
541 1737 760 1838 scriptoribus
773 1738 858 1811 inter
871 1736 944 1812 illas
956 1758 1143 1815 recensetur
1156 1740 1348 1836 dignitates,
1359 1769 1433 1842 quae

367 1852 488 1949 gradus
507 1870 599 1926 erant
616 1852 655 1925 ad
673 1852 874 1926 senatorium
893 1851 1061 1942 ordinem,
1077 1884 1137 1930 nec
1151 1854 1236 1930 alius
1253 1854 1339 1929 inter
1355 1853 1431 1927 vul-

370 1997 463 2065 gares
482 1968 627 2042 occurrit
642 1967 777 2056 titulos,
795 1967 918 2070 quibus
933 1967 1079 2070 lapidum
1092 1969 1323 2072 inscriptiones
1339 1970 1431 2044 viros

368 2083 494 2158 ordinis
512 2082 665 2158 senatorii
683 2101 853 2157 exornant.
1391 2157 1394 2162 ,

417 2200 544 2274 Deinde
568 2229 645 2273 vero
662 2201 742 2273 mibi
765 2227 958 2304 persuasum
976 2219 1043 2288 est,
1064 2199 1220 2274 Ovidium
1237 2228 1254 2272 e
1272 2199 1432 2272 trr'umurir's

368 2318 469 2392 fuisse
486 2317 682 2418 capitalibus,
707 2319 765 2418 qui
783 2317 907 2392 scilicet
925 2318 1086 2419 decapite
1102 2317 1294 2416 judicabant
1310 2313 1383 2386 vilis
1397 2332 1431 2388 et

367 2435 501 2531 abjecte
509 2433 710 2508 conditionis
722 2434 907 2520 hominum,
919 2434 968 2508 uti
978 2432 1088 2508 surum
1099 2449 1131 2506 et
1145 2458 1322 2516 servorum,
1331 2446 1430 2530 atque

368 2552 504 2624 carceris
522 2551 704 2624 custodiam
730 2549 909 2624 habebant.
942 2548 1043 2622 Ratio
1069 2576 1147 2621 mese
1167 2546 1336 2621 sententiae
1359 2562 1430 2632 est,

369 2665 461 2767 quod
478 2666 500 2738 ii
519 2693 603 2766 saepe
621 2662 812 2765 simpliciter
830 2681 862 2736 et
879 2663 1004 2763 absque
1023 2660 1093 2735 ullo
1106 2659 1219 2748 titulo,
1237 2657 1326 2760 apud
1343 2658 1432 2731 snti-

367 2811 454 2883 quos
472 2798 623 2856 auctores
640 2779 791 2854 dicantur
807 2780 975 2864 triumu'ri;
998 2779 1055 2855 sed
1068 2777 1124 2852 atii
1136 2806 1205 2850 non
1221 2777 1267 2851 itn
1283 2775 1429 2862 soleant,

365 2900 431 2973 nisi
448 2927 523 2973 cum
541 2898 686 2972 muneris
709 2896 760 2972 sui
787 2898 879 2971 notis
901 2895 1074 2993 designari.
1107 2897 1158 2970 De
1182 2893 1247 2968 illis
1269 2893 1429 2979 Plautus,

364 3015 513 3117 Amphit.
532 3016 605 3087 Act.
624 3016 659 3099 l,
679 3040 764 3087 scen.
787 3040 801 3085 1
821 3043 829 3086 :

479 3161 554 3231 Quid
567 3162 661 3216 faciam
673 3181 762 3228 nunc,
774 3161 796 3214 si
807 3166 959 3214 tresrc'rr'me
971 3160 998 3213 in
1011 3177 1132 3213 carcerem
1144 3155 1342 3227 compegerint?

478 3251 545 3307 Inde
558 3272 615 3306 cras
626 3272 641 3306 e
654 3252 833 3322 promptuaria
845 3250 908 3305 celle
921 3251 1062 3320 depromar
1074 3249 1107 3302 sd
1119 3248 1231 3318 flagrum
1241 3245 1254 3300 i
1265 3256 1313 3300 etc.

363 3389 397 3445 et
414 3371 507 3445 Asin.
526 3371 600 3445 Act.
621 3372 657 3458 l,
677 3398 764 3444 scen.
784 3394 828 3442 2:

739 3554 746 3566 .
759 3554 766 3568 .
778 3557 785 3570 .
804 3516 872 3570 Nam
884 3517 937 3586 jorn
950 3534 980 3569 ex
992 3515 1110 3570 hocloco

521 3610 570 3664 Ibo
581 3630 630 3681 ego
643 3609 674 3663 ad
687 3614 821 3672 tresviros,
837 3619 974 3678 vestraque
989 3607 1024 3661 ibi
1035 3607 1145 3660 nomina

523 3704 593 3758 Faxo
604 3712 691 3759 erunt.

360 3822 468 3896 Voler.
498 3822 683 3910 Maximus,
708 3820 767 3893 lib.
786 3821 1095 3921 vtll,cap.1v‚n.
1117 3841 1158 3904 2,
1179 3815 1218 3888 dc
1235 3812 1423 3888 Alexandro

356 3938 475 4012 Fannii
489 3966 600 4024 serv03
626 3970 642 4002 «
660 3934 891 4035 Ajudicibus,
908 3935 973 4023 sit,
991 3934 1181 4018 damnatus,
1199 3949 1263 4004 eta
1283 3933 1320 4005 L.
1344 3929 1425 4040 Co!-

362 4085 380 4117 »
400 4051 519 4154 pumio
538 4049 689 4123 trriruwiru
700 4048 736 4121 in
750 4075 878 4123 crucem
894 4067 986 4122 actus
1002 4066 1061 4122 est.
1082 4081 1099 4113 u
1115 4046 1251 4120 Tacitus
1267 4070 1421 4145 quoque,

358 4169 392 4240 iu
410 4164 573 4263 Agricolae
589 4164 682 4252 Vita,
704 4192 774 4266 cap.
794 4189 834 4254 2,
852 4164 964 4239 eadem
981 4191 1059 4238 voce
1077 4162 1111 4236 in
1129 4161 1279 4238 eumdem
1294 4158 1422 4256 signifi-
