3159 5134
296 516 299 523 ⁴
387 547 451 591 ιη
713 525 753 589 Ρ.
780 521 962 590 OVIDII
986 520 1124 589 VITA.

552 662 670 732 Tempus
681 660 714 714 ad
729 660 795 727 boc,
808 660 895 715 lustris
907 661 1009 729 iambis
1020 660 1087 714 mibi
1098 660 1214 731 quinque
1228 640 1354 732 peractis,

583 751 675 806 Omne
687 751 736 805 suit
749 752 836 805 Musa
845 770 953 806 carmen
964 752 1068 819 ineeme
1079 770 1163 820 mee,
1172 763 1222 808 ete.

387 872 510 973 quibus
524 886 651 944 atatem
677 869 852 967 designat,
871 898 936 971 qua
958 867 1022 942 luit
1037 868 1073 942 iu
1092 867 1244 944 exsilium
1258 870 1401 960 missus,
1420 888 1460 945 ut

383 987 427 1061 ad
444 985 649 1086 superiorem
661 1013 785 1059 annum
802 986 1025 1085 exposuimus.

434 1103 493 1175 vl.
514 1101 631 1199 Quum
647 1101 712 1174 boc
735 1130 824 1175 anno
840 1102 995 1176 Tiberius
1011 1100 1108 1174 oederu
1130 1099 1311 1175 Concordia
1326 1101 1459 1177 dedica·

386 1220 488 1307 verit,
509 1220 652 1320 inscripto
669 1248 724 1293 suo
739 1235 770 1293 et
770 1219 885 1320 fratris
903 1219 1024 1304 Drusi,
1047 1220 1115 1293 uita
1125 1218 1247 1319 pridem
1250 1219 1359 1317 fisncti
1364 1280 1374 1309 ,
1401 1251 1459 1296 uo·

387 1337 483 1424 mirre,
501 1337 594 1437 juxta
609 1336 730 1412 Diouis
749 1347 757 1376 ¹
778 1337 1024 1423 testimonium
1044 1355 1144 1438 atque
1158 1337 1300 1412 Ovidius
1316 1338 1458 1438 ejusdem
1534 1408 1538 1413 .

387 1449 483 1536 oedis,
500 1479 561 1525 ceu
569 1452 635 1550 jam
645 1469 861 1537 consecrata,
873 1450 1060 1525 meminerit
1071 1451 1111 1525 ad
1125 1470 1188 1525 ΠΙ
1197 1453 1347 1527 ianuarii
1355 1453 1456 1542 diem,

386 1568 482 1642 Fosi.
501 1567 563 1642 lib.
583 1570 619 1654 l,
638 1595 722 1642 vers.
742 1565 928 1666 637-6503
946 1566 1025 1641 binc
1043 1567 1164 1641 iterum
1185 1566 1290 1669 liquet
1305 1596 1398 1643 emor
1416 1569 1457 1644 cl.

386 1683 565 1772 Eucherii,
590 1681 808 1758 existimantis
823 1682 940 1757 Fusus
962 1712 1050 1756 auno
1068 1684 1117 1757 ¹U.
1143 1684 1184 1758 C.
1201 1686 1331 1758 D'ccttx
1352 1685 1458 1760 editos

387 1792 502 1874 luisse.

434 1919 507 1992 Hac
523 1918 695 1992 occasione
713 1916 789 1991 data
809 1943 1051 2017 supervacuum
1063 1944 1133 1989 nou
1151 1913 1228 2005 erit,
1246 1916 1397 1992 Suetonii
1409 1917 1459 1993 lo·

391 2061 465 2109 cum
493 2032 534 2107 de
559 2033 656 2108 istius
674 2032 790 2134 templi
808 2030 1012 2106 dedicatione
1038 2050 1188 2128 agentem
1214 2031 1397 2121 elucidare,
1414 2034 1458 2109 si·

389 2149 524 2252 quidem
542 2148 743 2224 doctissimis
762 2149 841 2255 viris
857 2178 970 2227 ansam
992 2148 1122 2223 errandi
1143 2149 1295 2250 prabuit.
1327 2146 1459 2225 Scilicet

389 2265 570 2340 historicus
586 2262 641 2339 ille
658 2292 761 2365 quum
778 2284 945 2341 narrasset
964 2275 994 2351 ²,
1013 2264 1185 2340 Tiberium
1204 2295 1225 2339 a
1245 2265 1412 2341 Genuuuiu
1427 2265 1458 2339 ris

389 2382 493 2457 urbem
502 2396 576 2482 post
586 2382 737 2456 lucrium
753 2409 939 2482 regressum,
959 2381 1164 2484 triumphum,
1184 2412 1270 2487 quem
1282 2382 1455 2470 distulerat,

390 2499 500 2599 egiss&
518 2496 610 2571 addit
626 2497 712 2571 inter
728 2526 763 2570 ea
777 2553 787 2585 ,
802 2526 875 2599 qna
889 2496 1047 2572 Tiberius
1063 2515 1143 2597 post
1156 2497 1345 2601 perfecerit,
1358 2515 1392 2572 et
1404 2498 1462 2573 de-

389 2613 590 2687 dicationem
607 2610 792 2687 Coucorrlioe
815 2614 910 2699 oedr's,
938 2614 1016 2687 item
1030 2613 1169 2688 Pollucis
1188 2628 1219 2688 et
1236 2612 1394 2701 Castorei,
1427 2632 1462 2688 et

390 2727 524 2831 quidem
543 2728 582 2807 de
602 2729 762 2803 ruouubi's.
790 2729 886 2803 Unde
904 2749 1097 2831 sequeretur
1113 2758 1176 2831 pro
1192 2729 1343 2804 Suetonii
1358 2729 1462 2803 ratio-

389 2845 511 2935 nibus,
529 2864 702 2948 utramqoe
727 2844 824 2919 oedem
844 2873 930 2919 anno
953 2845 1147 2922 citissimum
1167 2849 1209 2921 U.
1231 2848 1271 2921 C.
1297 2863 1462 2935 ncetxv,

391 2988 459 3062 quo
475 2961 664 3065 triumphus
681 2959 738 3034 ille
755 2961 898 3050 ductus,
915 2962 1097 3037 dedicatam
1123 2962 1235 3038 fuisse.
1264 2963 1357 3037 ldem
1375 2963 1463 3037 sorte

393 3079 469 3179 quis
483 3097 616 3178 putaret
631 3107 671 3153 ex
682 3080 805 3152 Nostro
820 3078 1016 3166 confirmari,
1026 3109 1129 3180 quum
1141 3080 1275 3154 recitata
1291 3108 1388 3154 causa
1404 3107 1463 3152 cur

392 3195 537 3296 pomum
551 3221 570 3267 a
587 3194 687 3269 Furio
702 3179 815 3268 votum
829 3192 931 3267 fuecit
944 3191 1125 3267 Concordia
1137 3192 1307 3296 templum,
1317 3223 1397 3268 mox
1406 3223 1462 3268 ex-

394 3337 523 3411 ponens
545 3309 759 3410 quamobrem
784 3309 905 3383 iterum
922 3338 941 3381 a
957 3308 1093 3383 Tiberio
1120 3309 1165 3382 sit
1188 3310 1272 3385 ades
1286 3310 1366 3385 buic
1383 3310 1462 3385 Dee

395 3443 603 3514 consecrata,
621 3426 669 3498 sic
686 3443 800 3513 canat,
817 3453 901 3499 vers.
922 3421 1105 3536 bib-650:

558 3571 645 3626 Causa
656 3590 742 3626 recens
753 3572 848 3625 melior
860 3591 867 3625 ι
877 3589 963 3641 passos
976 3573 1114 3624 Germania
1127 3570 1213 3624 crines

592 3656 706 3725 Porrigit
717 3654 854 3724 auspiciis,
867 3654 919 3708 dux
930 3654 1097 3722 venerande,
1109 3654 1169 3709 tuis.

559 3740 625 3796 Inde
637 3743 794 3808 triumphare
803 3739 887 3793 libasti
896 3758 998 3793 munera
1006 3746 1107 3807 {euim

596 3822 864 3892 Templaqueficr'slc',
876 3841 955 3892 quarn
965 3822 1027 3876 colis
1039 3823 1092 3891 ipse
1103 3862 1110 3889 ‚
1123 3821 1196 3877 Deo.

556 3906 621 3960 Hcec
633 3918 678 3959 tua
688 3904 824 3959 constituit
833 3910 948 3980 gepetrr'x
960 3904 972 3937 ⁸
983 3916 1010 3958 et
1024 3907 1101 3959 rebus
1111 3916 1139 3960 et
1150 3926 1194 3961 ara
1205 3945 1213 3974 ‚

591 3990 653 4045 Sola
665 4002 723 4043 toro
735 3989 826 4059 magni
837 3990 916 4060 digua
927 3999 1030 4061 reperta
1043 3988 1125 4042 Jovis.

426 4115 434 4143 ²
453 4105 602 4173 Lib.LV1,
621 4126 678 4177 pag.
693 4106 749 4160 585.

427 4204 438 4233 ²
455 4200 567 4255 Suetou.
577 4197 606 4251 in
618 4196 677 4251 Tib.
688 4215 742 4267 cap.
754 4215 796 4249 πο.

425 4289 436 4321 ¹
453 4289 525 4345 Liria
537 4306 633 4358 nempe
646 4288 765 4358 Augusto
774 4297 874 4358 nupta,
886 4286 1038 4357 Tiberiique
1050 4296 1153 4356 mater,
1164 4286 1197 4343 de
1207 4307 1258 4358 qua
1269 4288 1377 4358 Noster,
1385 4288 1465 4345 Trist.
