3159 5134
455 574 553 641 PER
577 575 610 641 J.
635 571 871 641 MASSON.
1132 595 1194 639 aot

129 716 286 815 gessisse,
304 728 343 787 ut
353 711 475 809 singuli
488 713 660 786 Fastorum
673 740 802 787 menses
815 708 967 807 singulos
980 710 1078 786 etiam
1094 710 1201 787 libros

130 827 446 931 complecterentur,
464 843 564 927 atque
580 823 762 900 suillorum
778 826 845 924 jam
860 853 917 899 sea
933 825 1136 915 exaravisse,
1155 841 1204 900 to-

130 949 239 1034 tidem,
256 975 315 1021 seu
325 973 382 1019 sex
395 973 528 1046 quoque
540 942 664 1019 libellis
677 943 823 1040 signatos
834 1001 844 1033 ,
855 971 957 1045 quum
967 944 1073 1046 patria
1087 943 1206 1046 pulsus

133 1085 191 1142 est
209 1064 309 1140 Adde
326 1063 417 1165 quod
434 1063 462 1137 si
484 1081 582 1164 poeta
597 1060 664 1136 iliis
681 1061 791 1136 verbis
809 1061 1030 1158 significaret,
1056 1090 1091 1136 se
1109 1064 1201 1138 Fast.

135 1202 187 1257 xtt
212 1180 272 1254 lib.
295 1179 493 1267 exaravisse,
508 1197 569 1254 etc.
598 1178 644 1254 sic
666 1178 730 1254 sibi
756 1178 993 1253 contradiceret
1008 1236 1018 1268 ,
1031 1205 1136 1279 quum
1147 1178 1206 1253 ad·

134 1296 200 1385 dit,
219 1294 256 1368 id
273 1322 360 1396 opus
377 1322 439 1368 suo
455 1292 573 1368 exsilio
591 1293 770 1394 abruptum
787 1292 899 1368 inisse.
919 1295 1036 1393 Neque
1049 1309 1136 1366 certe
1149 1320 1206 1367 ve-

136 1429 234 1500 teres,
250 1411 339 1485 inter
352 1438 437 1512 quos
452 1426 503 1483 est
520 1408 728 1497 Lactantius,
744 1406 807 1484 alia
822 1408 912 1498 loca,
928 1428 1147 1511 preterquam
1164 1436 1204 1482 ex

134 1559 188 1605 sex
200 1527 374 1631 prioribus
385 1530 560 1602 Fastorum
577 1525 672 1600 tibn's
683 1526 878 1628 proferunt,
893 1556 962 1601 non
977 1555 1055 1601 vero
1069 1554 1108 1601 ex
1121 1553 1205 1628 pos-

136 1642 328 1731 terioribus,
339 1641 623 1745 quosexistimant
635 1641 847 1744 deperdros3
865 1644 917 1716 uti
929 1641 971 1717 cl.
982 1641 1090 1717 Nicol.
1102 1642 1206 1716 Hein-

136 1764 204 1837 sius
224 1763 406 1857 ¹2notavit,
425 1760 485 1862 qui
507 1777 614 1835 tamen
630 1760 720 1834 baud
740 1779 850 1851 recte,
868 1778 984 1836 nostro
1002 1759 1137 1863 quidem
1150 1761 1206 1860 ju-

136 1876 238 1964 dicio,
260 1873 376 1949 exinde
389 1873 580 1962 concludit,
604 1892 729 1950 certum
746 1904 817 1952 esse
829 1874 1015 1977 „reliquam
1032 1878 1205 1951 Fastorum

136 2008 263 2094 partem
277 1989 344 2090 jam
361 2009 437 2065 ante
454 1989 559 2065 multa
577 1988 686 2065 secula
702 1990 918 2065 intercidisse.
943 1991 1077 2064 Certum
1097 2009 1205 2065 tamen

135 2110 283 2198 uidetur,
301 2126 435 2210 poetam
451 2108 486 2180 in
504 2109 614 2183 animo
636 2106 794 2181 habuisse
812 2124 846 2181 et
861 2105 1001 2181 aliorum
1017 2107 1203 2195 mensium,

137 2225 177 2301 ad
197 2224 298 2298 finem
321 2251 428 2324 usque
446 2222 544 2310 anni,
562 2224 679 2298 Fastos
696 2221 897 2312 describere3
916 2222 1081 2325 siquidem
1098 2222 1204 2311 canit,

138 2343 224 2415 Fast.
242 2339 303 2415 lib.
322 2341 392 2428 lll,
410 2367 492 2414 vers.
516 2337 559 2439 57
579 2357 613 2413 et
631 2338 701 2412 58:

286 2482 289 2487 Α
302 2512 399 2564 Vester
409 2510 494 2564 bonos
505 2524 626 2577 vultur,
639 2529 722 2580 quum
736 2511 904 2566 Laurentalia
916 2525 1023 2579 urcem

334 2602 464 2671 deceptus
476 2600 569 2656 Geniis
583 2600 625 2654 itta
637 2600 799 2656 Ducum
809 2602 896 2658 babet.

185 2746 397 2821 Ceterumex
408 2743 522 2818 eodem
530 2744 692 2819 Tristium
703 2743 778 2818 loco
794 2761 901 2846 patet,
916 2743 1104 2819 Eucherium
1114 2745 1205 2820 haud

139 2860 252 2936 ieviter
264 2888 407 2947 errasse,
425 2890 528 2962 quum
545 2878 710 2948 censeret,
729 2860 845 2936 Festos
864 2861 907 2934 ab
926 2860 1049 2936 Ouidio
1062 2879 1137 2936 ante
1153 2861 1206 2934 fu·

140 3009 211 3075 gam
231 2978 339 3052 editos
354 3007 434 3054 esse.
454 2978 539 3052 Vide
557 3007 629 3080 quae
646 3007 722 3080 sup.
740 2978 783 3051 ad
798 3007 921 3053 annum
939 2981 981 3053 U.
1002 2980 1039 3055 C.
1058 2997 1204 3070 Dccttx,

140 3113 254 3169 contra
271 3094 433 3182 diximus,
451 3112 485 3168 et
497 3093 556 3169 ins.
576 3095 618 3170 ad
634 3125 758 3171 annum
775 3114 903 3171 Dctxx.

185 3213 246 3284 xl.
265 3212 389 3285 Notarc
406 3211 536 3286 tandem
556 3229 623 3299 est,
641 3211 786 3287 adhunc
804 3240 926 3285 aunum
942 3229 1112 3285 exeuntem
1130 3239 1205 3312 per-

140 3324 241 3398 tinere
265 3324 440 3399 maximam
457 3325 531 3398 libri
550 3325 585 3398 T
583 3326 698 3398 ηἐιίιιιιι
715 3326 813 3425 premi
821 3342 965 3426 partem3
990 3352 1092 3426 quum
1116 3340 1206 3397 totus

141 3440 183 3512 sit
199 3441 233 3513 in
252 3440 371 3516 itinere
388 3441 430 3514 ad
448 3440 554 3516 exsilii
568 3440 679 3517 locum
692 3459 863 3531 exaratus,
880 3444 930 3516 uti
943 3458 1042 3543 poeta
1057 3457 1205 3529 testatur,

140 3553 231 3651 Eleg.
252 3578 276 3631 x
295 3575 329 3631 et
344 3555 483 3631 ultima:

306 3718 397 3774 Lites-a
408 3738 581 3791 quecumque
595 3732 634 3776 est
646 3731 702 3776 toto
714 3721 759 3776 tibi
771 3721 837 3776 lecta
847 3720 948 3786 libello,

335 3811 385 3866 Est
395 3811 460 3866 mihi
469 3812 584 3867 sonicite
593 3821 701 3882 tenpore
710 3813 776 3867 sacta
789 3813 846 3867 vio.

308 3906 362 3958 Aut
373 3904 442 3960 banc
453 3923 511 3972 me,
523 3905 601 3976 gelidi
613 3916 755 3960 tremerem
767 3925 850 3975 quum
861 3924 945 3967 meuse
952 3905 1113 3973 Decembris,
1134 3902 1138 3907 ¹

336 3995 503 4049 scribentem
517 3996 611 4049 mediis
626 3998 727 4049 Hadn'a
740 3997 805 4050 vidit
816 3994 905 4066 aquis:

304 4088 527 4158 Aut,postquam
539 4088 669 4141 bimarem
680 4107 758 4141 cursu
769 4088 948 4158 superavimus
958 4090 1083 4152 Isthmon,
1197 4088 1202 4097 ’
1318 4096 1322 4103 ’

337 4176 479 4249 Alteraque
496 4189 536 4235 ert
546 4189 642 4235 nostra
653 4190 740 4235 sumta
750 4181 840 4236 carina
849 4179 934 4250 fuge,
946 4190 994 4237 etr.

174 4343 183 4373 ¹
203 4340 235 4395 ln
247 4341 319 4398 Fac
330 4342 374 4398 tib.
385 4344 498 4413 v1,fm.
