3159 5134
487 527 583 595 ann
607 529 639 594 r.
667 525 896 598 Messon.
1165 531 1226 627 ιθ,

29 723 34 732 .
158 702 177 736 »
197 665 316 770 populi
330 668 475 764 tetegit,
490 685 552 741 etc.
571 679 588 732 »ἰ
604 667 731 742 Eodem
743 667 940 768 etiamjure,
963 701 980 733 «
997 669 1143 770 equitnm
1159 688 1229 747 tor·

158 817 177 850 ²>
196 814 266 861 mas
276 785 469 886 frequenter
480 784 690 880 recognovit,
709 801 789 886 post
804 782 938 880 longam
952 784 1229 888 intercapedinem

159 939 177 970 a
196 903 335 979 reducto
361 931 453 977 more
475 901 738 978 transvectionis.
757 902 824 976 Sed
841 929 948 1004 neque
965 902 1092 978 detrahi
1111 934 1227 1006 quem-

160 1057 178 1089 »
199 1051 298 1123 qnam
315 1021 353 1094 in
369 1019 611 1095 transvehendo
628 1019 671 1093 ab
689 1037 879 1094 accusatore
905 1047 1023 1120 passus
1047 1040 1118 1109 est,
1137 1025 1230 1125 qnod

159 1174 178 1205 »
196 1138 268 1214 fieri
285 1134 439 1213 solebat:
458 1152 492 1209 et
505 1135 597 1209 senio
608 1133 661 1210 vcl
669 1133 777 1236 aliqua
790 1136 942 1236 eorporis
955 1134 1028 1211 labe
1041 1137 1230 1234 insignibus

160 1288 178 1320 »
198 1252 366 1357 permisit,
384 1252 555 1352 praemisso
570 1251 607 1324 in
632 1252 748 1326 ordine
764 1279 873 1352 equo,
894 1251 938 1324 ad
962 1255 1230 1354 respondendum

159 1407 178 1439 a
198 1372 332 1474 quoties
355 1370 558 1458 citarentur,
577 1369 721 1472 pedibus
745 1371 876 1458 venire,
897 1388 959 1445 etc.
983 1380 991 1411 ¹
1014 1405 1031 1437 »
1061 1401 1133 1473 quae
1157 1401 1229 1447 non

156 1519 274 1594 parum
293 1489 436 1564 Nasonis
453 1487 581 1575 locum,
601 1516 700 1590 quem
724 1505 920 1576 mactmus,
939 1488 1129 1579 illustrant,
1157 1520 1227 1567 non

156 1635 252 1683 secus
275 1635 313 1680 ac
331 1634 405 1708 qnae
425 1604 513 1681 idem
535 1604 716 1680 Suetonius
741 1602 863 1680 addit:
889 1639 906 1671 α
933 1606 1182 1708 impetratisque
1208 1638 1227 1684 a

158 1756 175 1788 a
195 1740 314 1797 senatu
338 1722 450 1798 decem
470 1721 698 1821 adjutoribus,
718 1750 988 1824 unumquemque
1005 1724 1153 1823 equitum
1169 1753 1225 1798 ra-

158 1874 177 1906 »
196 1840 324 1916 tionem
343 1839 418 1913 rita
434 1836 570 1912 reddere
592 1838 723 1934 coegit:
741 1855 841 1940 atque
858 1868 897 1913 ex
918 1838 1118 1938 improbatis
1142 1838 1226 1916 alios

159 1993 177 2026 υ
193 1986 314 2061 pona,
330 1956 415 2032 alios
431 1956 614 2052 ignominia
630 1957 771 2044 notant,
790 1974 851 2032 etc.
873 1991 890 2022 a
912 1984 983 2057 quae
997 1955 1128 2032 videsis.

204 2076 268 2150 Ill.
285 2072 439 2171 Singulas
452 2101 556 2175 porro
568 2072 673 2160 vices,
690 2073 815 2173 quibus
832 2073 980 2174 equitnm
998 2093 1122 2149 turmas
1138 2075 1226 2176 ipsc-

156 2208 226 2267 met
242 2192 418 2287 Augustns
429 2189 674 2286 recognoverit,
689 2188 838 2277 definire,
852 2187 1027 2264 silentibus
1039 2190 1223 2281 historicis,

157 2306 259 2380 nobis
275 2334 344 2379 non
361 2303 448 2378 licet.
466 2306 589 2377 chm
610 2320 645 2377 et
665 2302 731 2378 boc
748 2331 836 2382 anno
852 2302 889 2377 id
907 2322 1097 2405 peractum,
1122 2336 1225 2407 quom

157 2419 259 2494 modo
281 2421 406 2493 Noster
428 2446 520 2493 suam
544 2420 658 2492 Artem
675 2417 842 2504 ediderat,
861 2446 901 2493 cx
917 2421 987 2518 ejus
1002 2419 1113 2494 verbis
1131 2419 1226 2495 colli-

157 2561 233 2628 gere
253 2532 304 2608 sas
328 2550 386 2607 cst.
410 2531 509 2607 Haud
526 2530 626 2628 longe
647 2529 763 2608 saltem
784 2531 828 2606 ab
855 2532 920 2606 hoe
946 2550 1093 2634 tempore
1115 2562 1225 2607 remor

156 2650 263 2724 venda
279 2668 330 2726 cst
349 2649 527 2725 norissima
549 2666 627 2750 post
647 2647 794 2723 eamdem
806 2649 922 2724 Artem
935 2649 1055 2736 editam
1067 2650 1153 2724 sacta
1167 2680 1225 2725 re-

157 2766 323 2863 cognitio,
340 2795 407 2867 qua
425 2794 541 2840 rursus
560 2767 651 2839 Naso
674 2765 837 2866 probatus
855 2767 897 2839 ab
923 2769 1078 2862 Augusto
1106 2767 1225 2846 delicta

156 2902 293 2959 notante
312 2882 387 2956 suit.
412 2884 494 2980 Quo
513 2881 610 2956 ctiam
634 2899 761 2983 spectat
786 2882 931 2981 ejusdem
956 2884 1058 2958 Trist,
1086 2883 1145 2962 lib.
1162 2888 1222 2972 lt,

155 3029 240 3074 vers.
259 2999 353 3102 89ct
370 3026 440 3099 90:

321 3173 372 3241 At,
386 3172 514 3239 memini,
525 3170 659 3240 vitamque
670 3189 758 3224 meam
770 3190 909 3240 moresque
922 3172 1048 3241 probabas

356 3263 419 3332 ltto,
431 3282 510 3334 quern
522 3262 646 3329 dederas,
660 3262 842 3333 pretereuntis
853 3280 929 3331 equo.
1070 3259 1073 3264 '

563 3406 825 3428 „mm

342 3579 424 3633 Anno
438 3577 471 3633 C.
484 3595 508 3641 ις
522 3578 559 3633 U.
572 3576 604 3632 C.
615 3592 731 3642 nucum
744 3575 835 3631 Ovidii
847 3590 916 3628 xmr
927 3585 955 3628 et
967 3591 1040 3629 actv.

253 3739 286 3795 C.
304 3737 467 3794 CAESARE
485 3737 574 3793 AUG.
591 3738 621 3793 F.
639 3737 670 3791 Ie
687 3735 836 3791 AEMILIO
855 3736 1007 3792 PAULLO
1027 3734 1129 3792 COSS.

207 3901 233 3973 l.
248 3899 373 3974 Caum
386 3898 587 3982 CAESAREM,
605 3894 727 3995 dequo
743 3912 843 3997 poeta
855 3913 970 3970 noster
979 3894 1014 3967 in
1030 3896 1112 3969 Arte
1127 3895 1228 3967 Ama-

160 4017 245 4093 toria
261 4018 371 4106 canit,
389 4045 450 4092 cen
468 4017 509 4091 ad
525 4013 705 4090 Parthicum
720 4014 962 4116 expeditionem
978 4043 1013 4089 se
1025 4012 1229 4109 accingente,

159 4138 227 4211 hoc
243 4164 332 4210 auno
349 4131 525 4210 consulatu
542 4130 730 4209 decoratum
755 4130 873 4220 fuisse,
890 4130 969 4207 dum
987 4131 1161 4232 ultrufines
1175 4157 1232 4203 ea-

196 4313 202 4343 ¹
223 4307 375 4364 Suetonio
389 4308 457 4378 Aug·
469 4326 524 4377 cap.
534 4306 574 4359 38.
