<?xml version="1.0" encoding="UTF-8"?>
<!DOCTYPE html PUBLIC "-//W3C//DTD XHTML 1.0 Transitional//EN"
    "http://www.w3.org/TR/xhtml1/DTD/xhtml1-transitional.dtd">
<html xmlns="http://www.w3.org/1999/xhtml" xml:lang="en" lang="en">
 <head>
  <title>
</title>
<meta http-equiv="Content-Type" content="text/html;charset=utf-8" />
  <meta name='ocr-system' content='tesseract 3.04.00' />
  <meta name='ocr-capabilities' content='ocr_page ocr_carea ocr_par ocr_line ocrx_word'/>
</head>
<body>
  <div class='ocr_page' id='page_1' title='image "./publiusovidiusn00giergoog/publiusovidiusn00giergoog_0145.png"; bbox 0 0 3159 5134; ppageno 0'>
   <div class='ocr_carea' id='block_1_1' title="bbox 466 499 1205 571">
    <p class='ocr_par' dir='ltr' id='par_1_1' title="bbox 466 499 1205 571">
     <span class='ocr_line' id='line_1_1' title="bbox 466 499 1205 571; baseline 0.003 -2"><span class='ocrx_word' id='word_1_1' title='bbox 466 501 560 569; x_wconf 83' lang='lat' dir='ltr'>PER</span> <span class='ocrx_word' id='word_1_2' title='bbox 584 503 616 568; x_wconf 86' lang='lat' dir='ltr'>J.</span> <span class='ocrx_word' id='word_1_3' title='bbox 644 499 870 568; x_wconf 84' lang='lat' dir='ltr'><strong>MASSON.</strong></span> <span class='ocrx_word' id='word_1_4' title='bbox 1144 505 1205 571; x_wconf 75' lang='lat'>135</span> 
     </span>
    </p>
   </div>
   <div class='ocr_carea' id='block_1_2' title="bbox 132 637 1205 989">
    <p class='ocr_par' dir='ltr' id='par_1_2' title="bbox 7 635 1205 989">
     <span class='ocr_line' id='line_1_2' title="bbox 132 637 1204 722; baseline 0.003 -2.687"><span class='ocrx_word' id='word_1_5' title='bbox 132 645 214 719; x_wconf 74' lang='lat' dir='ltr'>Huc</span> <span class='ocrx_word' id='word_1_6' title='bbox 226 669 304 716; x_wconf 85' lang='lat' dir='ltr'>vero</span> <span class='ocrx_word' id='word_1_7' title='bbox 316 639 462 716; x_wconf 84' lang='lat' dir='ltr'>Nasonis</span> <span class='ocrx_word' id='word_1_8' title='bbox 473 640 608 714; x_wconf 82' lang='lat' dir='ltr'>domina</span> <span class='ocrx_word' id='word_1_9' title='bbox 623 657 689 715; x_wconf 86' lang='lat' dir='ltr'>tam</span> <span class='ocrx_word' id='word_1_10' title='bbox 703 641 790 715; x_wconf 85' lang='lat' dir='ltr'>bene</span> <span class='ocrx_word' id='word_1_11' title='bbox 803 640 867 716; x_wconf 85' lang='lat' dir='ltr'>sub</span> <span class='ocrx_word' id='word_1_12' title='bbox 881 637 941 714; x_wconf 89' lang='lat' dir='ltr'>illo</span> <span class='ocrx_word' id='word_1_13' title='bbox 950 640 1104 717; x_wconf 72' lang='lat' dir='ltr'>Corinnae</span> <span class='ocrx_word' id='word_1_14' title='bbox 1119 640 1204 722; x_wconf 74' lang='lat' dir='ltr'>tatu</span> 
     </span>
     <span class='ocr_line' id='line_1_3' title="bbox 133 755 1205 877; baseline 0 -44"><span class='ocrx_word' id='word_1_15' title='bbox 133 759 269 877; x_wconf 80' lang='lat' dir='ltr'>nomine</span> <span class='ocrx_word' id='word_1_16' title='bbox 285 756 426 845; x_wconf 82' lang='lat' dir='ltr'>latebat,</span> <span class='ocrx_word' id='word_1_17' title='bbox 443 774 482 830; x_wconf 90' lang='lat' dir='ltr'>ut</span> <span class='ocrx_word' id='word_1_18' title='bbox 492 755 584 846; x_wconf 83' lang='lat' dir='ltr'>aliae,</span> <span class='ocrx_word' id='word_1_19' title='bbox 599 784 660 857; x_wconf 87' lang='lat' dir='ltr'>per</span> <span class='ocrx_word' id='word_1_20' title='bbox 672 756 831 830; x_wconf 86' lang='lat' dir='ltr'>Ovidium</span> <span class='ocrx_word' id='word_1_21' title='bbox 842 755 962 876; x_wconf 79' lang='lat' dir='ltr'>famam</span> <span class='ocrx_word' id='word_1_22' title='bbox 978 764 987 794; x_wconf 90' lang='lat'>¹</span> <span class='ocrx_word' id='word_1_23' title='bbox 1003 776 1205 857; x_wconf 72' lang='lat' dir='ltr'>quaerentes,</span> 
     </span>
     <span class='ocr_line' id='line_1_4' title="bbox 133 872 1204 989; baseline 0.008 -40"><span class='ocrx_word' id='word_1_24' title='bbox 133 877 169 949; x_wconf 90' lang='lat' dir='ltr'>¹d</span> <span class='ocrx_word' id='word_1_25' title='bbox 185 901 310 950; x_wconf 90' lang='lat' dir='ltr'>nomen</span> <span class='ocrx_word' id='word_1_26' title='bbox 323 874 389 949; x_wconf 87' lang='lat' dir='ltr'>sibi</span> <span class='ocrx_word' id='word_1_27' title='bbox 401 873 566 962; x_wconf 82' lang='lat' dir='ltr'>dederint3</span> <span class='ocrx_word' id='word_1_28' title='bbox 583 876 698 989; x_wconf 56' lang='lat' dir='ltr'>Amor,</span> <span class='ocrx_word' id='word_1_29' title='bbox 714 872 772 947; x_wconf 71' lang='lat' dir='ltr'>tiu</span> <span class='ocrx_word' id='word_1_30' title='bbox 788 876 836 962; x_wconf 90' lang='lat' dir='ltr'>ll,</span> <span class='ocrx_word' id='word_1_31' title='bbox 852 873 945 969; x_wconf 78' lang='lat' dir='ltr'>Eleg.</span> <span class='ocrx_word' id='word_1_32' title='bbox 967 881 1204 966; x_wconf 78' lang='lat' dir='ltr'>xv11‚rs.28:</span> 
     </span>
    </p>
   </div>
   <div class='ocr_carea' id='block_1_3' title="bbox 293 1029 1027 1194">
    <p class='ocr_par' dir='ltr' id='par_1_3' title="bbox 293 1029 1027 1194">
     <span class='ocr_line' id='line_1_5' title="bbox 334 1029 931 1122; baseline 0 -36"><span class='ocrx_word' id='word_1_33' title='bbox 334 1031 371 1086; x_wconf 81' lang='lat' dir='ltr'>Et</span> <span class='ocrx_word' id='word_1_34' title='bbox 383 1032 472 1086; x_wconf 76' lang='lat' dir='ltr'>multos</span> <span class='ocrx_word' id='word_1_35' title='bbox 485 1051 533 1102; x_wconf 85' lang='lat' dir='ltr'>per</span> <span class='ocrx_word' id='word_1_36' title='bbox 545 1050 700 1122; x_wconf 61' lang='lat' dir='ltr'>monumen</span> <span class='ocrx_word' id='word_1_37' title='bbox 712 1031 810 1086; x_wconf 85' lang='lat' dir='ltr'>habere</span> <span class='ocrx_word' id='word_1_38' title='bbox 822 1029 931 1088; x_wconf 85' lang='lat' dir='ltr'>volunt:</span> 
     </span>
     <span class='ocr_line' id='line_1_6' title="bbox 293 1124 1027 1194; baseline 0 -15"><span class='ocrx_word' id='word_1_39' title='bbox 293 1125 369 1192; x_wconf 66' lang='lat' dir='ltr'>¹Nori</span> <span class='ocrx_word' id='word_1_40' title='bbox 382 1124 512 1194; x_wconf 80' lang='lat' dir='ltr'>aliquam,</span> <span class='ocrx_word' id='word_1_41' title='bbox 525 1142 584 1192; x_wconf 71' lang='lat' dir='ltr'>quo</span> <span class='ocrx_word' id='word_1_42' title='bbox 594 1143 623 1179; x_wconf 80' lang='lat' dir='ltr'>se</span> <span class='ocrx_word' id='word_1_43' title='bbox 635 1124 805 1179; x_wconf 81' lang='lat' dir='ltr'>circumierat</span> <span class='ocrx_word' id='word_1_44' title='bbox 817 1143 871 1179; x_wconf 78' lang='lat' dir='ltr'>esse</span> <span class='ocrx_word' id='word_1_45' title='bbox 884 1126 1027 1181; x_wconf 61' lang='lat' dir='ltr'>amun.</span> 
     </span>
    </p>
   </div>
   <div class='ocr_carea' id='block_1_4' title="bbox 137 1248 1212 1806">
    <p class='ocr_par' dir='ltr' id='par_1_4' title="bbox 137 1248 1212 1806">
     <span class='ocr_line' id='line_1_7' title="bbox 137 1248 1205 1351; baseline 0.003 -24"><span class='ocrx_word' id='word_1_46' title='bbox 137 1253 231 1351; x_wconf 84' lang='lat' dir='ltr'>Quin</span> <span class='ocrx_word' id='word_1_47' title='bbox 249 1253 368 1338; x_wconf 90' lang='lat' dir='ltr'>immo,</span> <span class='ocrx_word' id='word_1_48' title='bbox 385 1248 464 1324; x_wconf 84' lang='lat' dir='ltr'>lieet</span> <span class='ocrx_word' id='word_1_49' title='bbox 481 1248 624 1324; x_wconf 83' lang='lat' dir='ltr'>Ovidius</span> <span class='ocrx_word' id='word_1_50' title='bbox 640 1277 680 1323; x_wconf 85' lang='lat' dir='ltr'>ex</span> <span class='ocrx_word' id='word_1_51' title='bbox 695 1250 819 1323; x_wconf 82' lang='lat' dir='ltr'>Amore</span> <span class='ocrx_word' id='word_1_52' title='bbox 835 1248 978 1325; x_wconf 88' lang='lat' dir='ltr'>sollicito</span> <span class='ocrx_word' id='word_1_53' title='bbox 994 1251 1151 1348; x_wconf 77' lang='lat' dir='ltr'>lingeret,</span> <span class='ocrx_word' id='word_1_54' title='bbox 1170 1283 1205 1330; x_wconf 89' lang='lat' dir='ltr'>se</span> 
     </span>
     <span class='ocr_line' id='line_1_8' title="bbox 137 1364 1205 1460; baseline 0.001 -18"><span class='ocrx_word' id='word_1_55' title='bbox 137 1370 260 1456; x_wconf 84' lang='lat' dir='ltr'>vereri,</span> <span class='ocrx_word' id='word_1_56' title='bbox 275 1395 317 1441; x_wconf 87' lang='lat' dir='ltr'>ne</span> <span class='ocrx_word' id='word_1_57' title='bbox 335 1364 514 1440; x_wconf 78' lang='lat' dir='ltr'>Corinnam</span> <span class='ocrx_word' id='word_1_58' title='bbox 535 1364 604 1439; x_wconf 89' lang='lat' dir='ltr'>suis</span> <span class='ocrx_word' id='word_1_59' title='bbox 621 1364 824 1441; x_wconf 79' lang='lat' dir='ltr'>carminibus</span> <span class='ocrx_word' id='word_1_60' title='bbox 850 1367 895 1441; x_wconf 91' lang='lat' dir='ltr'>ita</span> <span class='ocrx_word' id='word_1_61' title='bbox 916 1384 1030 1443; x_wconf 89' lang='lat' dir='ltr'>notam</span> <span class='ocrx_word' id='word_1_62' title='bbox 1051 1368 1205 1460; x_wconf 78' lang='lat' dir='ltr'><strong>fecisset,</strong></span> 
     </span>
     <span class='ocr_line' id='line_1_9' title="bbox 141 1480 1212 1583; baseline 0.001 -23"><span class='ocrx_word' id='word_1_63' title='bbox 141 1503 178 1560; x_wconf 89' lang='lat' dir='ltr'>ut</span> <span class='ocrx_word' id='word_1_64' title='bbox 193 1484 260 1559; x_wconf 88' lang='lat' dir='ltr'>sibi</span> <span class='ocrx_word' id='word_1_65' title='bbox 274 1481 391 1558; x_wconf 88' lang='lat' dir='ltr'>rivales</span> <span class='ocrx_word' id='word_1_66' title='bbox 405 1480 529 1555; x_wconf 89' lang='lat' dir='ltr'>multos</span> <span class='ocrx_word' id='word_1_67' title='bbox 545 1480 745 1583; x_wconf 82' lang='lat' dir='ltr'>paravisset,</span> <span class='ocrx_word' id='word_1_68' title='bbox 756 1483 880 1556; x_wconf 77' lang='lat' dir='ltr'>¹Amor.</span> <span class='ocrx_word' id='word_1_69' title='bbox 898 1482 956 1557; x_wconf 90' lang='lat' dir='ltr'>lib.</span> <span class='ocrx_word' id='word_1_70' title='bbox 975 1488 1048 1572; x_wconf 87' lang='grc' dir='ltr'>ΙΙΙ,</span> <span class='ocrx_word' id='word_1_71' title='bbox 1066 1486 1118 1560; x_wconf 87' lang='lat' dir='ltr'>El.</span> <span class='ocrx_word' id='word_1_72' title='bbox 1136 1507 1212 1575; x_wconf 65' lang='grc' dir='ltr'>ΧΠ,</span> 
     </span>
     <span class='ocr_line' id='line_1_10' title="bbox 139 1596 1206 1698; baseline 0.001 -23"><span class='ocrx_word' id='word_1_73' title='bbox 139 1618 281 1676; x_wconf 82' lang='lat' dir='ltr'>attamen</span> <span class='ocrx_word' id='word_1_74' title='bbox 298 1597 415 1692; x_wconf 74' lang='lat' dir='ltr'>viginti</span> <span class='ocrx_word' id='word_1_75' title='bbox 426 1596 549 1671; x_wconf 81' lang='lat' dir='ltr'>abhinc</span> <span class='ocrx_word' id='word_1_76' title='bbox 565 1596 660 1671; x_wconf 88' lang='lat' dir='ltr'>annis</span> <span class='ocrx_word' id='word_1_77' title='bbox 674 1626 777 1698; x_wconf 88' lang='lat' dir='ltr'>quum</span> <span class='ocrx_word' id='word_1_78' title='bbox 792 1601 917 1673; x_wconf 86' lang='lat' dir='ltr'>Noster</span> <span class='ocrx_word' id='word_1_79' title='bbox 931 1601 1046 1674; x_wconf 79' lang='lat' dir='ltr'>Artem</span> <span class='ocrx_word' id='word_1_80' title='bbox 1068 1602 1206 1677; x_wconf 80' lang='lat' dir='ltr'>Amato-</span> 
     </span>
     <span class='ocr_line' id='line_1_11' title="bbox 138 1711 1201 1806; baseline 0.002 -17"><span class='ocrx_word' id='word_1_81' title='bbox 138 1716 218 1789; x_wconf 74' lang='lat' dir='ltr'>nam</span> <span class='ocrx_word' id='word_1_82' title='bbox 233 1711 411 1798; x_wconf 77' lang='lat' dir='ltr'>scriberet,</span> <span class='ocrx_word' id='word_1_83' title='bbox 435 1711 586 1786; x_wconf 89' lang='lat' dir='ltr'>nondum</span> <span class='ocrx_word' id='word_1_84' title='bbox 613 1740 653 1786; x_wconf 86' lang='lat' dir='ltr'>ea</span> <span class='ocrx_word' id='word_1_85' title='bbox 676 1739 751 1786; x_wconf 88' lang='lat' dir='ltr'>vero</span> <span class='ocrx_word' id='word_1_86' title='bbox 776 1712 911 1787; x_wconf 84' lang='lat' dir='ltr'>nomine</span> <span class='ocrx_word' id='word_1_87' title='bbox 938 1732 1017 1790; x_wconf 90' lang='lat' dir='ltr'>nota</span> <span class='ocrx_word' id='word_1_88' title='bbox 1042 1714 1126 1806; x_wconf 84' lang='lat' dir='ltr'>suit,</span> <span class='ocrx_word' id='word_1_89' title='bbox 1142 1715 1201 1791; x_wconf 92' lang='lat' dir='ltr'>lib.</span> 
     </span>
    </p>
   </div>
   <div class='ocr_carea' id='block_1_5' title="bbox 139 1827 433 1921">
    <p class='ocr_par' dir='ltr' id='par_1_5' title="bbox 139 1827 433 1921">
     <span class='ocr_line' id='line_1_12' title="bbox 139 1827 433 1921; baseline -0.017 -14"><span class='ocrx_word' id='word_1_90' title='bbox 139 1836 208 1921; x_wconf 86' lang='grc' dir='ltr'>ΙΙΙ,</span> <span class='ocrx_word' id='word_1_91' title='bbox 233 1827 433 1905; x_wconf 72' lang='lat' dir='ltr'>vere538:</span> 
     </span>
    </p>
   </div>
   <div class='ocr_carea' id='block_1_6' title="bbox 304 1976 916 2049">
    <p class='ocr_par' dir='ltr' id='par_1_6' title="bbox 304 1976 916 2049">
     <span class='ocr_line' id='line_1_13' title="bbox 304 1976 916 2049; baseline 0.002 -18"><span class='ocrx_word' id='word_1_92' title='bbox 304 1976 340 2031; x_wconf 86' lang='lat' dir='ltr'>Et</span> <span class='ocrx_word' id='word_1_93' title='bbox 350 1977 442 2044; x_wconf 79' lang='lat' dir='ltr'>multi,</span> <span class='ocrx_word' id='word_1_94' title='bbox 455 1994 514 2046; x_wconf 66' lang='lat' dir='ltr'>qut</span> <span class='ocrx_word' id='word_1_95' title='bbox 524 1977 558 2031; x_wconf 80' lang='lat' dir='ltr'>sit</span> <span class='ocrx_word' id='word_1_96' title='bbox 568 1986 658 2031; x_wconf 74' lang='lat' dir='ltr'>nostra</span> <span class='ocrx_word' id='word_1_97' title='bbox 673 1980 797 2041; x_wconf 54' lang='lat' dir='ltr'>contium</span> <span class='ocrx_word' id='word_1_98' title='bbox 813 1988 916 2049; x_wconf 67' lang='lat' dir='ltr'>rogant.</span> 
     </span>
    </p>
   </div>
   <div class='ocr_carea' id='block_1_7' title="bbox 140 2100 1209 3929">
    <p class='ocr_par' dir='ltr' id='par_1_7' title="bbox 140 2100 1206 2323">
     <span class='ocr_line' id='line_1_14' title="bbox 140 2100 1206 2204; baseline 0.006 -25"><span class='ocrx_word' id='word_1_99' title='bbox 140 2104 230 2180; x_wconf 87' lang='lat' dir='ltr'>idem</span> <span class='ocrx_word' id='word_1_100' title='bbox 244 2121 315 2178; x_wconf 81' lang='lat' dir='ltr'>etv</span> <span class='ocrx_word' id='word_1_101' title='bbox 330 2101 442 2177; x_wconf 85' lang='lat' dir='ltr'>seculo</span> <span class='ocrx_word' id='word_1_102' title='bbox 452 2101 648 2198; x_wconf 70' lang='lat' dir='ltr'>rogantibus</span> <span class='ocrx_word' id='word_1_103' title='bbox 662 2100 758 2204; x_wconf 89' lang='lat' dir='ltr'>plane</span> <span class='ocrx_word' id='word_1_104' title='bbox 769 2103 833 2178; x_wconf 83' lang='lat' dir='ltr'>suit</span> <span class='ocrx_word' id='word_1_105' title='bbox 844 2103 1017 2200; x_wconf 78' lang='lat' dir='ltr'>ignorata,</span> <span class='ocrx_word' id='word_1_106' title='bbox 1035 2124 1074 2180; x_wconf 89' lang='lat' dir='ltr'>nt</span> <span class='ocrx_word' id='word_1_107' title='bbox 1085 2106 1206 2184; x_wconf 80' lang='lat' dir='ltr'>docent</span> 
     </span>
     <span class='ocr_line' id='line_1_15' title="bbox 141 2218 703 2323; baseline -0.004 -29"><span class='ocrx_word' id='word_1_108' title='bbox 141 2220 269 2295; x_wconf 87' lang='lat' dir='ltr'>Sidonii</span> <span class='ocrx_word' id='word_1_109' title='bbox 286 2218 491 2323; x_wconf 79' lang='lat' dir='ltr'>Apollinaris</span> <span class='ocrx_word' id='word_1_110' title='bbox 507 2219 649 2293; x_wconf 87' lang='lat' dir='ltr'>carmina</span> <span class='ocrx_word' id='word_1_111' title='bbox 666 2228 703 2292; x_wconf 85' lang='lat'>⁸:</span> 
     </span>
    </p>

    <p class='ocr_par' dir='ltr' id='par_1_8' title="bbox 350 2372 759 2443">
     <span class='ocr_line' id='line_1_16' title="bbox 350 2372 759 2443; baseline -0.01 -13"><span class='ocrx_word' id='word_1_112' title='bbox 350 2374 386 2430; x_wconf 81' lang='lat' dir='ltr'>Et</span> <span class='ocrx_word' id='word_1_113' title='bbox 398 2386 423 2429; x_wconf 87' lang='lat' dir='ltr'>te</span> <span class='ocrx_word' id='word_1_114' title='bbox 436 2374 552 2428; x_wconf 86' lang='lat' dir='ltr'>carmina</span> <span class='ocrx_word' id='word_1_115' title='bbox 565 2394 612 2443; x_wconf 86' lang='lat' dir='ltr'>per</span> <span class='ocrx_word' id='word_1_116' title='bbox 623 2372 759 2428; x_wconf 84' lang='lat' dir='ltr'>libidinosa</span> 
     </span>
    </p>

    <p class='ocr_par' dir='ltr' id='par_1_9' title="bbox 353 2465 982 2536">
     <span class='ocr_line' id='line_1_17' title="bbox 353 2465 982 2536; baseline 0.002 -16"><span class='ocrx_word' id='word_1_117' title='bbox 353 2467 472 2532; x_wconf 85' lang='lat' dir='ltr'>Notum,</span> <span class='ocrx_word' id='word_1_118' title='bbox 484 2467 570 2525; x_wconf 70' lang='lat' dir='ltr'>Naso,</span> <span class='ocrx_word' id='word_1_119' title='bbox 587 2476 677 2530; x_wconf 85' lang='lat' dir='ltr'>tenet,</span> <span class='ocrx_word' id='word_1_120' title='bbox 693 2466 846 2536; x_wconf 81' lang='lat' dir='ltr'>Tomosque</span> <span class='ocrx_word' id='word_1_121' title='bbox 858 2465 982 2532; x_wconf 72' lang='lat' dir='ltr'>missum,</span> 
     </span>
    </p>

    <p class='ocr_par' dir='ltr' id='par_1_10' title="bbox 353 2557 822 2629">
     <span class='ocr_line' id='line_1_18' title="bbox 353 2557 822 2629; baseline -0.006 -14"><span class='ocrx_word' id='word_1_122' title='bbox 353 2558 499 2629; x_wconf 76' lang='lat' dir='ltr'>Quondam</span> <span class='ocrx_word' id='word_1_123' title='bbox 514 2560 633 2620; x_wconf 68' lang='lat' dir='ltr'>casm</span> <span class='ocrx_word' id='word_1_124' title='bbox 645 2557 723 2612; x_wconf 81' lang='lat' dir='ltr'>nimis</span> <span class='ocrx_word' id='word_1_125' title='bbox 730 2561 822 2624; x_wconf 58' lang='lat' dir='ltr'>palla</span> 
     </span>
    </p>

    <p class='ocr_par' dir='ltr' id='par_1_11' title="bbox 140 2648 1209 3929">
     <span class='ocr_line' id='line_1_19' title="bbox 355 2648 855 2706; baseline -0.004 -2"><span class='ocrx_word' id='word_1_126' title='bbox 355 2651 429 2705; x_wconf 83' lang='lat' dir='ltr'>Falso</span> <span class='ocrx_word' id='word_1_127' title='bbox 438 2649 547 2704; x_wconf 87' lang='lat' dir='ltr'>nomine</span> <span class='ocrx_word' id='word_1_128' title='bbox 558 2648 694 2704; x_wconf 82' lang='lat' dir='ltr'>subditum</span> <span class='ocrx_word' id='word_1_129' title='bbox 707 2652 829 2706; x_wconf 56' lang='lat' dir='ltr'>Conone.</span> <span class='ocrx_word' id='word_1_130' title='bbox 851 2673 855 2681; x_wconf 93' lang='lat'>·</span> 
     </span>
     <span class='ocr_line' id='line_1_20' title="bbox 140 2774 1207 2877; baseline 0.002 -23"><span class='ocrx_word' id='word_1_131' title='bbox 140 2779 231 2854; x_wconf 86' lang='lat' dir='ltr'>Nihil</span> <span class='ocrx_word' id='word_1_132' title='bbox 248 2778 337 2852; x_wconf 91' lang='lat' dir='ltr'>enim</span> <span class='ocrx_word' id='word_1_133' title='bbox 350 2777 461 2851; x_wconf 85' lang='lat' dir='ltr'>minus</span> <span class='ocrx_word' id='word_1_134' title='bbox 478 2774 681 2864; x_wconf 78' lang='lat' dir='ltr'>verosimile,</span> <span class='ocrx_word' id='word_1_135' title='bbox 700 2804 800 2877; x_wconf 89' lang='lat' dir='ltr'>qnam</span> <span class='ocrx_word' id='word_1_136' title='bbox 817 2776 907 2876; x_wconf 92' lang='lat' dir='ltr'>quod</span> <span class='ocrx_word' id='word_1_137' title='bbox 924 2778 1129 2855; x_wconf 82' lang='lat' dir='ltr'>venerandus</span> <span class='ocrx_word' id='word_1_138' title='bbox 1148 2780 1207 2858; x_wconf 84' lang='lat' dir='ltr'>ille</span> 
     </span>
     <span class='ocr_line' id='line_1_21' title="bbox 142 2892 1204 2993; baseline 0.004 -25"><span class='ocrx_word' id='word_1_139' title='bbox 142 2897 290 2970; x_wconf 78' lang='lat' dir='ltr'>Antistes</span> <span class='ocrx_word' id='word_1_140' title='bbox 312 2892 626 2990; x_wconf 79' lang='lat' dir='ltr'>significat,.lulri1m</span> <span class='ocrx_word' id='word_1_141' title='bbox 643 2920 761 2993; x_wconf 86' lang='lat' dir='ltr'>nempe</span> <span class='ocrx_word' id='word_1_142' title='bbox 780 2894 924 2989; x_wconf 81' lang='lat' dir='ltr'>Augusti</span> <span class='ocrx_word' id='word_1_143' title='bbox 938 2892 1038 2968; x_wconf 88' lang='lat' dir='ltr'>liliam</span> <span class='ocrx_word' id='word_1_144' title='bbox 1054 2896 1117 2971; x_wconf 89' lang='lat' dir='ltr'>snb</span> <span class='ocrx_word' id='word_1_145' title='bbox 1137 2899 1204 2972; x_wconf 87' lang='lat' dir='ltr'>Co·</span> 
     </span>
     <span class='ocr_line' id='line_1_22' title="bbox 142 3009 1205 3112; baseline 0.003 -24"><span class='ocrx_word' id='word_1_146' title='bbox 142 3013 243 3088; x_wconf 87' lang='lat' dir='ltr'>rinnae</span> <span class='ocrx_word' id='word_1_147' title='bbox 266 3012 400 3086; x_wconf 91' lang='lat' dir='ltr'>nomine</span> <span class='ocrx_word' id='word_1_148' title='bbox 416 3011 459 3085; x_wconf 89' lang='lat' dir='ltr'>ab</span> <span class='ocrx_word' id='word_1_149' title='bbox 476 3009 600 3084; x_wconf 85' lang='lat' dir='ltr'>Ovidio</span> <span class='ocrx_word' id='word_1_150' title='bbox 617 3027 776 3097; x_wconf 86' lang='lat' dir='ltr'>amatam,</span> <span class='ocrx_word' id='word_1_151' title='bbox 795 3037 931 3112; x_wconf 83' lang='lat' dir='ltr'>eamque</span> <span class='ocrx_word' id='word_1_152' title='bbox 947 3011 1052 3086; x_wconf 76' lang='lat' dir='ltr'>exsilii</span> <span class='ocrx_word' id='word_1_153' title='bbox 1073 3042 1205 3091; x_wconf 83' lang='lat' dir='ltr'>eausam</span> 
     </span>
     <span class='ocr_line' id='line_1_23' title="bbox 142 3125 1206 3231; baseline 0 -30"><span class='ocrx_word' id='word_1_154' title='bbox 142 3148 246 3230; x_wconf 78' lang='lat' dir='ltr'>poetae</span> <span class='ocrx_word' id='word_1_155' title='bbox 261 3129 373 3204; x_wconf 85' lang='lat' dir='ltr'>fnisse.</span> <span class='ocrx_word' id='word_1_156' title='bbox 390 3130 431 3202; x_wconf 91' lang='lat' dir='ltr'>In</span> <span class='ocrx_word' id='word_1_157' title='bbox 442 3127 565 3202; x_wconf 68' lang='lat' dir='ltr'>lutum</span> <span class='ocrx_word' id='word_1_158' title='bbox 577 3144 663 3200; x_wconf 87' lang='lat' dir='ltr'>certe</span> <span class='ocrx_word' id='word_1_159' title='bbox 678 3125 793 3199; x_wconf 83' lang='lat' dir='ltr'>eadere</span> <span class='ocrx_word' id='word_1_160' title='bbox 804 3143 976 3226; x_wconf 82' lang='lat' dir='ltr'>nequeunt</span> <span class='ocrx_word' id='word_1_161' title='bbox 984 3126 1121 3217; x_wconf 87' lang='lat' dir='ltr'>indicia,</span> <span class='ocrx_word' id='word_1_162' title='bbox 1134 3159 1206 3231; x_wconf 79' lang='lat' dir='ltr'>quae</span> 
     </span>
     <span class='ocr_line' id='line_1_24' title="bbox 143 3239 1207 3319; baseline 0.003 -3"><span class='ocrx_word' id='word_1_163' title='bbox 143 3245 231 3318; x_wconf 85' lang='lat' dir='ltr'>Naso</span> <span class='ocrx_word' id='word_1_164' title='bbox 252 3243 294 3316; x_wconf 89' lang='lat' dir='ltr'>de</span> <span class='ocrx_word' id='word_1_165' title='bbox 317 3244 387 3317; x_wconf 90' lang='lat' dir='ltr'>suis</span> <span class='ocrx_word' id='word_1_166' title='bbox 408 3270 483 3316; x_wconf 88' lang='lat' dir='ltr'>eum</span> <span class='ocrx_word' id='word_1_167' title='bbox 503 3241 648 3315; x_wconf 89' lang='lat' dir='ltr'>Corinna</span> <span class='ocrx_word' id='word_1_168' title='bbox 668 3239 767 3314; x_wconf 85' lang='lat' dir='ltr'>resert</span> <span class='ocrx_word' id='word_1_169' title='bbox 787 3239 967 3314; x_wconf 86' lang='lat' dir='ltr'>amoribus.</span> <span class='ocrx_word' id='word_1_170' title='bbox 998 3241 1092 3315; x_wconf 87' lang='lat' dir='ltr'>Hane</span> <span class='ocrx_word' id='word_1_171' title='bbox 1118 3246 1207 3319; x_wconf 87' lang='lat' dir='ltr'>enim</span> 
     </span>
     <span class='ocr_line' id='line_1_25' title="bbox 142 3342 1207 3462; baseline -0.001 -27"><span class='ocrx_word' id='word_1_172' title='bbox 142 3360 264 3462; x_wconf 86' lang='lat' dir='ltr'>passim</span> <span class='ocrx_word' id='word_1_173' title='bbox 274 3387 333 3433; x_wconf 87' lang='lat' dir='ltr'>ceu</span> <span class='ocrx_word' id='word_1_174' title='bbox 345 3357 486 3460; x_wconf 90' lang='lat' dir='ltr'>puellam</span> <span class='ocrx_word' id='word_1_175' title='bbox 497 3358 549 3433; x_wconf 88' lang='lat' dir='ltr'>sui</span> <span class='ocrx_word' id='word_1_176' title='bbox 561 3357 662 3456; x_wconf 79' lang='lat' dir='ltr'>juris,</span> <span class='ocrx_word' id='word_1_177' title='bbox 676 3383 737 3431; x_wconf 90' lang='lat' dir='ltr'>nee</span> <span class='ocrx_word' id='word_1_178' title='bbox 748 3374 887 3458; x_wconf 87' lang='lat' dir='ltr'>nuptam</span> <span class='ocrx_word' id='word_1_179' title='bbox 898 3342 1015 3458; x_wconf 71' lang='lat' dir='ltr'>pingit.</span> <span class='ocrx_word' id='word_1_180' title='bbox 1028 3355 1117 3433; x_wconf 86' lang='lat' dir='ltr'>Julia</span> <span class='ocrx_word' id='word_1_181' title='bbox 1130 3389 1207 3434; x_wconf 88' lang='lat' dir='ltr'>vero</span> 
     </span>
     <span class='ocr_line' id='line_1_26' title="bbox 140 3472 1207 3580; baseline -0.003 -28"><span class='ocrx_word' id='word_1_182' title='bbox 140 3478 203 3575; x_wconf 85' lang='lat' dir='ltr'>jam</span> <span class='ocrx_word' id='word_1_183' title='bbox 217 3478 261 3551; x_wconf 91' lang='lat' dir='ltr'>ab</span> <span class='ocrx_word' id='word_1_184' title='bbox 279 3505 367 3551; x_wconf 90' lang='lat' dir='ltr'>anno</span> <span class='ocrx_word' id='word_1_185' title='bbox 387 3478 429 3549; x_wconf 91' lang='lat' dir='ltr'>U.</span> <span class='ocrx_word' id='word_1_186' title='bbox 448 3476 485 3549; x_wconf 87' lang='lat' dir='ltr'>C.</span> <span class='ocrx_word' id='word_1_187' title='bbox 511 3491 668 3549; x_wconf 77' lang='lat' dir='ltr'>bccxxtx</span> <span class='ocrx_word' id='word_1_188' title='bbox 690 3472 850 3547; x_wconf 89' lang='lat' dir='ltr'>Marcello</span> <span class='ocrx_word' id='word_1_189' title='bbox 867 3492 1043 3576; x_wconf 85' lang='lat' dir='ltr'>nupserat,</span> <span class='ocrx_word' id='word_1_190' title='bbox 1057 3494 1091 3550; x_wconf 88' lang='lat' dir='ltr'>et</span> <span class='ocrx_word' id='word_1_191' title='bbox 1104 3508 1207 3580; x_wconf 83' lang='lat' dir='ltr'>quum</span> 
     </span>
     <span class='ocr_line' id='line_1_27' title="bbox 140 3589 1206 3678; baseline 0.001 -12"><span class='ocrx_word' id='word_1_192' title='bbox 140 3593 170 3670; x_wconf 90' lang='lat' dir='ltr'>is</span> <span class='ocrx_word' id='word_1_193' title='bbox 196 3594 261 3669; x_wconf 89' lang='lat' dir='ltr'>sub</span> <span class='ocrx_word' id='word_1_194' title='bbox 286 3592 365 3666; x_wconf 89' lang='lat' dir='ltr'>anni</span> <span class='ocrx_word' id='word_1_195' title='bbox 387 3593 429 3664; x_wconf 89' lang='lat' dir='ltr'>U.</span> <span class='ocrx_word' id='word_1_196' title='bbox 459 3591 497 3664; x_wconf 86' lang='lat' dir='ltr'>C.</span> <span class='ocrx_word' id='word_1_197' title='bbox 524 3608 682 3666; x_wconf 79' lang='lat' dir='ltr'>Dccxxxl</span> <span class='ocrx_word' id='word_1_198' title='bbox 709 3589 866 3678; x_wconf 88' lang='lat' dir='ltr'>obiisset,</span> <span class='ocrx_word' id='word_1_199' title='bbox 891 3619 969 3665; x_wconf 85' lang='lat' dir='ltr'>mox</span> <span class='ocrx_word' id='word_1_200' title='bbox 992 3620 1079 3665; x_wconf 87' lang='lat' dir='ltr'>armo</span> <span class='ocrx_word' id='word_1_201' title='bbox 1102 3595 1145 3667; x_wconf 89' lang='lat' dir='ltr'>U.</span> <span class='ocrx_word' id='word_1_202' title='bbox 1167 3597 1206 3670; x_wconf 87' lang='lat' dir='ltr'>C.</span> 
     </span>
     <span class='ocr_line' id='line_1_28' title="bbox 142 3708 1207 3810; baseline 0.001 -24"><span class='ocrx_word' id='word_1_203' title='bbox 142 3709 722 3810; x_wconf 74' lang='lat' dir='ltr'>nccxxxsslinennte,ll1.dgrippae</span> <span class='ocrx_word' id='word_1_204' title='bbox 732 3725 875 3808; x_wconf 88' lang='lat' dir='ltr'>nuptum</span> <span class='ocrx_word' id='word_1_205' title='bbox 888 3708 929 3781; x_wconf 90' lang='lat' dir='ltr'>ab</span> <span class='ocrx_word' id='word_1_206' title='bbox 941 3711 1095 3804; x_wconf 80' lang='lat' dir='ltr'>Augusto</span> <span class='ocrx_word' id='word_1_207' title='bbox 1114 3711 1207 3802; x_wconf 88' lang='lat' dir='ltr'>data,</span> 
     </span>
     <span class='ocr_line' id='line_1_29' title="bbox 142 3822 1209 3929; baseline 0.001 -29"><span class='ocrx_word' id='word_1_208' title='bbox 142 3844 241 3929; x_wconf 90' lang='lat' dir='ltr'>atque</span> <span class='ocrx_word' id='word_1_209' title='bbox 258 3823 482 3929; x_wconf 86' lang='lat' dir='ltr'>subsequente</span> <span class='ocrx_word' id='word_1_210' title='bbox 496 3853 585 3900; x_wconf 85' lang='lat' dir='ltr'>anno</span> <span class='ocrx_word' id='word_1_211' title='bbox 605 3825 719 3900; x_wconf 89' lang='lat' dir='ltr'>Caium</span> <span class='ocrx_word' id='word_1_212' title='bbox 735 3825 866 3927; x_wconf 87' lang='lat' dir='ltr'>peperit</span> <span class='ocrx_word' id='word_1_213' title='bbox 887 3822 911 3897; x_wconf 81' lang='lat'>³.</span> <span class='ocrx_word' id='word_1_214' title='bbox 938 3824 1035 3899; x_wconf 86' lang='lat' dir='ltr'>Unde</span> <span class='ocrx_word' id='word_1_215' title='bbox 1053 3826 1152 3901; x_wconf 85' lang='lat' dir='ltr'>simul</span> <span class='ocrx_word' id='word_1_216' title='bbox 1168 3827 1209 3902; x_wconf 94' lang='lat' dir='ltr'>li-</span> 
     </span>
    </p>
   </div>
   <div class='ocr_carea' id='block_1_8' title="bbox 142 4003 1207 4252">
    <p class='ocr_par' dir='ltr' id='par_1_12' title="bbox 142 4003 1207 4252">
     <span class='ocr_line' id='line_1_30' title="bbox 176 4003 1207 4078; baseline 0.002 -15"><span class='ocrx_word' id='word_1_217' title='bbox 176 4012 184 4042; x_wconf 92' lang='lat'><em>¹</em></span> <span class='ocrx_word' id='word_1_218' title='bbox 200 4008 286 4078; x_wconf 74' lang='lat' dir='ltr'>igitur</span> <span class='ocrx_word' id='word_1_219' title='bbox 294 4008 420 4074; x_wconf 82' lang='lat' dir='ltr'>Poetice,</span> <span class='ocrx_word' id='word_1_220' title='bbox 434 4026 484 4060; x_wconf 85' lang='lat' dir='ltr'>nec</span> <span class='ocrx_word' id='word_1_221' title='bbox 496 4005 684 4060; x_wconf 84' lang='lat' dir='ltr'>omuinorecte</span> <span class='ocrx_word' id='word_1_222' title='bbox 693 4007 842 4068; x_wconf 74' lang='lat' dir='ltr'>Martialis,</span> <span class='ocrx_word' id='word_1_223' title='bbox 858 4003 902 4059; x_wconf 90' lang='lat' dir='ltr'>lib.</span> <span class='ocrx_word' id='word_1_224' title='bbox 915 4005 950 4073; x_wconf 84' lang='lat' dir='ltr'>V,</span> <span class='ocrx_word' id='word_1_225' title='bbox 964 4007 1013 4076; x_wconf 84' lang='lat' dir='ltr'>Ep.</span> <span class='ocrx_word' id='word_1_226' title='bbox 1029 4025 1063 4075; x_wconf 85' lang='lat' dir='ltr'>x,</span> <span class='ocrx_word' id='word_1_227' title='bbox 1077 4028 1207 4078; x_wconf 81' lang='lat' dir='ltr'>querens,</span> 
     </span>
     <span class='ocr_line' id='line_1_31' title="bbox 142 4089 1141 4161; baseline -0.002 -16"><span class='ocrx_word' id='word_1_228' title='bbox 142 4097 207 4146; x_wconf 64' lang='grc' dir='ltr'>ω’νίι</span> <span class='ocrx_word' id='word_1_229' title='bbox 215 4091 364 4161; x_wconf 61' lang='lat' dir='ltr'>malm</span> <span class='ocrx_word' id='word_1_230' title='bbox 372 4101 492 4160; x_wconf 55' lang='lat' dir='ltr'>uetur,</span> <span class='ocrx_word' id='word_1_231' title='bbox 511 4090 601 4145; x_wconf 80' lang='lat' dir='ltr'>actibit</span> <span class='ocrx_word' id='word_1_232' title='bbox 613 4108 620 4143; x_wconf 89' lang='lat'>:</span> <span class='ocrx_word' id='word_1_233' title='bbox 632 4091 714 4144; x_wconf 72' lang='lat' dir='ltr'>norat</span> <span class='ocrx_word' id='word_1_234' title='bbox 726 4092 853 4146; x_wconf 70' lang='lat' dir='ltr'>Nassum</span> <span class='ocrx_word' id='word_1_235' title='bbox 863 4089 917 4145; x_wconf 76' lang='lat' dir='ltr'>sota</span> <span class='ocrx_word' id='word_1_236' title='bbox 933 4089 1051 4146; x_wconf 81' lang='lat' dir='ltr'>Corinna</span> <span class='ocrx_word' id='word_1_237' title='bbox 1062 4111 1141 4147; x_wconf 78' lang='lat' dir='ltr'>sunm.</span> 
     </span>
     <span class='ocr_line' id='line_1_32' title="bbox 174 4182 524 4252; baseline -0.006 -15"><span class='ocrx_word' id='word_1_238' title='bbox 174 4186 187 4217; x_wconf 87' lang='lat'><strong>¹</strong></span> <span class='ocrx_word' id='word_1_239' title='bbox 204 4182 297 4237; x_wconf 83' lang='lat' dir='ltr'>Carm.</span> <span class='ocrx_word' id='word_1_240' title='bbox 312 4185 344 4237; x_wconf 72' lang='lat'>23</span> <span class='ocrx_word' id='word_1_241' title='bbox 355 4201 371 4237; x_wconf 84' lang='lat' dir='ltr'>a</span> <span class='ocrx_word' id='word_1_242' title='bbox 384 4197 453 4236; x_wconf 72' lang='lat' dir='ltr'>vers·</span> <span class='ocrx_word' id='word_1_243' title='bbox 469 4186 524 4252; x_wconf 73' lang='lat'>157.</span> 
     </span>
    </p>
   </div>
   <div class='ocr_carea' id='block_1_9' title="bbox 176 4272 655 4330">
    <p class='ocr_par' dir='ltr' id='par_1_13' title="bbox 176 4272 655 4330">
     <span class='ocr_line' id='line_1_33' title="bbox 176 4272 655 4330; baseline -0.004 -3"><span class='ocrx_word' id='word_1_244' title='bbox 176 4272 188 4307; x_wconf 81' lang='lat'>³</span> <span class='ocrx_word' id='word_1_245' title='bbox 204 4273 267 4330; x_wconf 81' lang='lat' dir='ltr'>Vid.</span> <span class='ocrx_word' id='word_1_246' title='bbox 278 4272 373 4329; x_wconf 79' lang='lat' dir='ltr'>Dionis</span> <span class='ocrx_word' id='word_1_247' title='bbox 384 4273 454 4330; x_wconf 68' lang='lat' dir='ltr'>nise</span> <span class='ocrx_word' id='word_1_248' title='bbox 466 4272 498 4328; x_wconf 79' lang='lat' dir='ltr'>ad</span> <span class='ocrx_word' id='word_1_249' title='bbox 509 4291 555 4328; x_wconf 77' lang='lat' dir='ltr'>eos</span> <span class='ocrx_word' id='word_1_250' title='bbox 565 4287 655 4326; x_wconf 81' lang='lat' dir='ltr'>annos.</span> 
     </span>
    </p>
   </div>
   <div class='ocr_carea' id='block_1_10' title="bbox 0 0 1591 5134">
    <p class='ocr_par' dir='ltr' id='par_1_14' title="bbox 0 0 1591 5134">
     <span class='ocr_line' id='line_1_34' title="bbox 0 0 1591 5134; baseline 0 0"><span class='ocrx_word' id='word_1_251' title='bbox 0 0 1591 5134; x_wconf 95' lang='lat' dir='ltr'> </span> 
     </span>
    </p>
   </div>
  </div>
 </body>
</html>
