3159 5134
381 572 422 642 7⁰
668 551 710 615 P.
737 549 921 614 ovlutt
946 547 1173 617 Nasouts

545 687 664 742 Pleiades
673 698 734 741 ante
748 707 820 757 genu
831 699 933 757 septem
946 688 1051 743 radiare
1059 689 1197 757 forantur,

546 781 598 835 Sex
611 791 715 835 tantum
727 791 855 851 apparent
866 802 872 835 :
883 782 931 834 sub
943 784 1142 852 opacaseptima
1153 782 1223 836 nube
1236 792 1285 837 est

737 882 872 947 Pttottus,
892 881 919 933 in
941 884 1066 951 Georpica
1085 886 1200 951 Wrgilt't',
1218 883 1246 935 in
1262 883 1337 951 cujus
1351 881 1465 953 vulgatis

779 963 851 1019 libris
860 964 892 1018 bi
907 984 996 1019 versus
1007 965 1214 1034 depravatissimi
1223 964 1356 1036 teguntur.

382 1108 422 1179 ln
450 1101 609 1201 Priapoiis
637 1100 786 1201 quaetlam
806 1101 920 1174 Ovidii
945 1101 1036 1199 (vid.
1051 1102 1143 1174 Bart.
1162 1101 1203 1176 ad
1227 1102 1392 1187 Statium,
1416 1103 1459 1188 l,

382 1228 490 1302 Theb.
518 1228 614 1326 229)
642 1244 785 1313 exstare,
811 1225 930 1298 eruditi
951 1225 1164 1300 arbitrantur.
1189 1228 1239 1298 Ex
1261 1224 1320 1298 illo
1343 1243 1459 1314 certe,

385 1353 479 1451 cujus
498 1352 652 1437 initium,
684 1348 824 1423 Obscura
833 1366 974 1449 poteram
992 1351 1053 1423 tibi
1062 1350 1173 1436 dicere,
1201 1351 1323 1424 Seneca
1338 1367 1459 1450 pater,

385 1475 445 1549 lib.
463 1477 499 1560 l,
528 1476 738 1548 Controvers.
767 1499 788 1543 2
803 1472 915 1560 ,hunc
933 1502 1063 1547 versum
1081 1473 1240 1549 adducit:

584 1641 659 1697 Dum
672 1641 748 1697 timet
756 1637 865 1697 alterius
876 1639 970 1695 udatus
980 1639 1072 1708 inepta
1079 1639 1146 1695 lota'·¹
1210 1676 1213 1687 ·
1235 1688 1237 1695 .

379 1772 531 1859 ¹Servius,
540 1771 578 1843 in
587 1770 710 1863 Georg.
724 1769 784 1855 IV,
794 1748 981 1860 ubiagittlo
994 1766 1171 1867 Eurydice,
1181 1767 1262 1841 citat
1271 1796 1311 1842 ex
1325 1769 1462 1859 ovidio,

646 1925 690 1979 Bis
702 1925 819 1994 rapitur,
832 1923 946 1993 vixitque
958 1922 1058 1992 semel,

390 2058 479 2160 quod
498 2057 532 2129 in
549 2073 681 2131 auctore
697 2071 814 2127 nostro
831 2081 919 2126 nunc
936 2082 1102 2154 nusquam
1118 2038 1295 2157 comparet.

438 2180 638 2255 Scholiastos
653 2198 747 2252 vetus
765 2178 897 2251 Horatii
915 2177 958 2250 ad
972 2178 1032 2252 lib,
1056 2182 1110 2267 ll,
1133 2181 1201 2254 Od.
1225 2181 1274 2253 5:
1302 2215 1320 2247 «
1346 2182 1463 2284 Gyges

389 2334 510 2380 nomen
529 2303 621 2404 pueri
642 2332 680 2375 ex
699 2302 809 2376 insula
826 2302 942 2385 Cnido·
953 2304 1072 2376 thn'
1090 2318 1206 2391 ¹taora3
1232 2304 1332 2405 hujus
1350 2325 1461 2382 autem

391 2431 486 2532 pueri
500 2418 780 2529 pulchritutlmem
797 2425 911 2499 laudat
923 2428 1021 2500 etiam
1035 2428 1188 2503 Ovidius.
1205 2462 1223 2494 »
1237 2430 1342 2530 Atqui
1353 2430 1388 2503 iu
1401 2432 1459 2521 iis,

394 2582 465 2655 qua
483 2569 625 2637 exstant,
643 2550 755 2625 laudat
769 2548 901 2635 nullibi,

443 2674 691 2775 Quintilianus,
708 2673 768 2748 lib.
783 2677 950 2775 Xll,cap.
971 2701 1037 2747 10:
1055 2710 1072 2739 «
1089 2676 1154 2748 sed
1164 2693 1362 2751 evanescunt
1372 2660 1461 2766 bac,

394 2821 491 2903 atque
511 2790 716 2883 emoriuntur
736 2782 982 2901 comparatione
1000 2798 1193 2885 meliomm,
1212 2817 1251 2872 ut
1269 2798 1341 2872 lana
1360 2800 1463 2873 tincta

394 2926 471 3000 suco
489 2926 570 2998 citra
588 2952 767 3024 purpuram
787 2921 893 3022 placet
909 2922 1011 2996 :atsi
1029 2920 1207 2995 contuleris
1222 2951 1292 2996 eam
1303 2920 1461 3010 lacerna,

396 3066 574 3149 conspectu
587 3046 733 3121 melioris
750 3046 927 3131 obruatur,
944 3063 983 3119 ut
993 3046 1135 3119 Ovidius
1150 3047 1204 3118 ait.
1225 3080 1242 3111 ›>
1272 3048 1357 3144 Qnae
1366 3045 1464 3120 nullo

395 3173 530 3267 negotio
548 3173 581 3244 in
599 3189 740 3245 motmm
756 3169 886 3247 redacta
901 3171 1047 3247 iambum
1064 3170 1225 3266 tragicum
1242 3170 1404 3258 efficient,
1431 3189 1465 3243 et

397 3296 483 3370 duos
495 3293 787 3395 hendeuspttahos
802 3323 811 3366 ε

664 3462 703 3516 Ut
716 3460 773 3515 lana
785 3462 867 3515 tincta
879 3480 1023 3532 purpuram
1031 3462 1096 3515 citra
1105 3461 1202 3531 placet:

662 3554 700 3607 At
712 3555 733 3606 si
746 3553 889 3609 contuleris
900 3574 958 3607 eam
970 3553 1096 3619 lacerate,

660 3643 810 3716 Corupectu
825 3644 939 3715 melioris
952 3646 1085 3699 obruatur.

398 3774 438 3845 ln
455 3770 554 3844 Notis
572 3770 659 3844 enim
681 3770 723 3842 ad
745 3770 853 3870 Epist.
876 3797 913 3869 7,
934 3796 1141 3843 communem
1161 3796 1232 3842 esse
1256 3766 1403 3843 ultimam
1429 3768 1468 3840 in

398 3895 571 3980 contutant,
597 3891 734 3979 dederis,
760 3891 936 3978 credideris,
966 3911 999 3966 et
1023 3890 1188 3965 similibus
1215 3889 1373 3992 syllabam
1393 3919 1468 3964 mo-

396 4045 521 4091 nemus.
711 4014 717 4023 ’

446 4145 589 4229 Seneca,
610 4143 818 4218 Controvers.
840 4130 1227 4243 ⁴10⁵,ex‘declamatione
1248 4136 1360 4211 Ovidii
1382 4163 1467 4237 qua-

397 4268 471 4341 dam
487 4267 557 4344 hac
571 4266 753 4367 producit:
772 4302 788 4334 «
806 4264 980 4367 Quicquid
990 4262 1119 4341 laberis
1131 4281 1198 4350 est,
1214 4263 1250 4335 iu
1263 4261 1329 4334 boc
1343 4275 1412 4347 est,
1430 4275 1469 4331 nt
