3159 5134
498 526 849 597 nnrouuora.
1167 556 1204 625 ,ι

134 671 233 746 uxori
249 670 374 757 virum,
391 686 426 744 et
437 667 510 745 viro
521 669 810 765 uxmmdiligene
824 669 995 747 concedas.
1009 673 1150 746 Necesse
1161 691 1212 748 est

136 794 279 882 de'mde,
300 795 410 893 jurare
423 794 617 894 permittas,
636 793 789 868 ciamare
805 794 1004 897 permiseris.
1031 796 1136 893 Quod
1151 797 1212 872 ha-

135 919 251 993 buisse
264 946 326 992 nos
336 915 568 1017 jusjurandum
581 936 681 1020 putas
694 919 709 991 ?
724 936 763 992 tu
773 918 876 992 nobis
885 916 1079 1016 religiosum
1090 949 1212 997 nomeu

138 1044 252 1118 fuisti.¹
263 1040 300 1116 Si
321 1043 560 1141 mentiremur,
588 1040 645 1116 illa
662 1042 728 1119 sibi
745 1042 865 1117 iratum
881 1061 1008 1144 patrem
1026 1045 1211 1135 invocavit,

140 1195 200 1263 ego
212 1193 373 1240 socerum.
389 1166 507 1253 Peroe,
517 1181 630 1266 pater3
647 1193 762 1266 parce,
773 1194 887 1239 socer:
903 1194 972 1239 non
985 1168 1212 1267 pejeravimus.

140 1293 227 1364 Ecce
256 1289 457 1388 objurgator
478 1305 609 1377 noster,
633 1318 732 1392 quam
757 1290 925 1364 effraenato
948 1318 1058 1365 amore
1083 1292 1213 1367 fertur!

142 1441 330 1513 quanquam
346 1440 417 1489 esse
429 1410 530 1487 filiam
540 1414 700 1515 preceris;
718 1442 830 1488 carum
845 1413 993 1516 quidem,
1012 1415 1104 1517 quod
1119 1413 1215 1490 illum

140 1536 179 1609 ab
197 1534 407 1632 indulgentia
425 1565 484 1612 oua
499 1554 622 1611 avooet.
651 1537 698 1610 nt
713 1538 817 1611 boui!
834 1538 1007 1640 quomodo
1021 1539 1078 1612 hic
1094 1540 1216 1614 amavit

140 1660 299 1733 uxorem?
315 1676 403 1732 amat
419 1657 538 1759 filiam,
557 1677 590 1735 et
606 1660 739 1734 abdicat
756 1690 764 1735 :
784 1660 876 1755 dolet
889 1660 1105 1765 periclitatam
1121 1691 1212 1751 esse,

140 1801 171 1857 et
184 1782 228 1858 ab
242 1811 283 1856 eo
299 1781 453 1871 abducit,
468 1782 539 1885 siue
554 1812 622 1885 quo
639 1801 739 1883 negat
755 1814 790 1859 se
803 1813 903 1886 posse
914 1784 1023 1860 vivere
1038 1814 1046 1858 :
1062 1786 1215 1887 queritur

139 1906 326 2008 periculum
340 1907 430 2009 eju&
450 1936 516 2013 qua
533 1936 627 2011 paene
643 1906 837 2007 carnitbic,
856 1910 915 2010 qui
931 1937 1039 1983 amare
1053 1926 1147 1983 caute
1160 1910 1215 2009 ju·

138 2032 205 2105 bet
220 2029 366 2105 Facilius
377 2029 412 2104 in
423 2059 535 2131 amore
548 2030 647 2106 finem
659 2032 833 2135 impetres,
844 2061 944 2135 quam
957 2031 1095 2107 modum
1110 2061 1119 2106 :
1135 2050 1215 2108 tune

139 2155 201 2231 lios
214 2156 315 2257 ponis
331 2156 508 2246 terminos,
521 2172 561 2230 ut
573 2154 658 2230 nibil
671 2156 810 2244 faciant,
822 2156 887 2251 nisi
901 2156 1118 2246 considerate3
1129 2156 1215 2231 nihil

139 2279 358 2380 promittant,
376 2277 442 2352 nisi
460 2296 499 2352 ut
510 2279 564 2376 jus
579 2278 712 2366 sacturi;
731 2281 840 2353 omnia
851 2280 952 2355 verba
963 2280 1092 2354 ratione
1105 2299 1138 2355 et
1150 2280 1215 2357 lide

138 2401 347 2502 ponderent?
363 2401 464 2505 Senes
479 2403 527 2476 sic
538 2420 659 2477 amant.
675 2403 785 2476 Pauca
798 2404 906 2493 nosti,
923 2422 1032 2505 pater,
1052 2404 1212 2480 crimina:

139 2543 172 2600 et
188 2525 391 2622 litigavimus
401 2526 614 2629 aliquando,
633 2546 666 2602 ct
683 2516 866 2615 decidimus
877 2558 886 2617 ς
899 2547 934 2604 et
946 2529 1103 2618 sortasse,
1120 2531 1214 2632 quod

140 2677 207 2722 non
223 2667 323 2751 putas
337 2707 347 2738 ,
372 2651 598 2753 pejeravimns.
625 2652 721 2750 Quid
738 2652 781 2726 ad
795 2672 907 2753 patres
923 2653 1092 2754 pertinet,
1120 2654 1213 2755 quod

139 2790 285 2851 amantes
301 2774 434 2872 jurent?
446 2777 477 2849 si
494 2777 543 2849 vis
557 2775 704 2864 credere,
722 2778 947 2873 necad-Deos
965 2777 1118 2881 pertinet.
1134 2780 1212 2851 Nou
1243 2805 1246 2811 ·

141 2916 189 2972 est
214 2898 308 3001 qnod
332 2899 395 2973 tibi
416 2899 562 3002 placeas,
581 2930 682 2988 uxor,
704 2888 861 3013 tauquam
876 2902 983 3017 prima
1000 2901 1211 3003 peccaveris:

139 3023 240 3123 periit
252 3020 366 3127 aliqua
382 3052 457 3097 cum
472 3023 560 3114 viro,
576 3022 678 3129 periit
695 3022 805 3125 aliqua
825 3053 888 3126 pro
904 3024 996 3111 viro;
1014 3022 1086 3099 illas
1102 3042 1211 3099 tamen

142 3146 249 3219 omnis
273 3164 353 3222 aetas
375 3147 575 3239 honorabit,
594 3175 691 3220 omne
711 3146 894 3223 celebrabit
920 3148 1099 3247 ingenium.
1126 3151 1208 3235 Fer,

142 3296 249 3357 socer,
263 3267 452 3345 felicitatem
470 3289 560 3345 tuam
575 3301 583 3345 :
601 3300 758 3369 magnum
775 3271 838 3344 tibi
854 3300 951 3373 quam
964 3300 1067 3372 parvo
1082 3288 1213 3346 constat

141 3393 342 3495 exemplum!
364 3394 400 3467 in
420 3392 586 3495 reliquum
612 3393 840 3491 diligentiores
857 3396 933 3470 facti
951 3423 1066 3469 sumus
1084 3425 1092 3467 :
1112 3422 1211 3469 erro-

140 3545 209 3591 rem
223 3536 377 3593 nostrnm
393 3518 610 3595 confitemur:
629 3520 794 3596 exciderat
814 3521 1027 3620 jurantibus,
1053 3547 1124 3594 esse
1142 3536 1211 3592 ter-

141 3640 224 3715 tium
242 3643 301 3745 qni
316 3642 422 3739 magis
438 3662 562 3718 amaret
578 3644 672 3732 usic,
697 3645 763 3732 Di,
787 3645 832 3717 sit
848 3672 986 3744 semper.
1014 3645 1210 3730 Persevera,

142 3794 251 3855 socer3
267 3767 378 3870 recipe
392 3766 494 3841 filiam
510 3797 518 3840 ε
532 3797 594 3864 ego
605 3769 692 3869 „qui
706 3769 857 3870 peccavi,
874 3795 972 3869 poena
989 3767 1111 3863 diguus
1127 3796 1210 3842 sum.

143 3889 271 3986 Quare,
286 3920 390 3966 uxore
399 3909 532 3980 necata,
543 3920 659 3966 socero
667 3920 763 3966 causa
777 3892 839 3967 sim
853 3890 1214 3965 orbitatileiscedam

143 4013 318 4103 ecivitate3
334 4014 478 4109 lugiam3
494 4013 651 4089 exsulabo
662 4045 671 4088 :
682 4032 853 4116 utcunque
864 4031 1000 4115 potero,
1015 4012 1215 4088 desiderium

142 4136 258 4211 misera
271 4154 305 4211 et
317 4136 444 4212 crudeli
457 4139 618 4241 patientia
626 4137 798 4241 perferam.
812 4141 980 4227 Morerer,
995 4137 1024 4213 si
1040 4135 1133 4213 solus
1145 4164 1217 4214 mo-

141 4262 267 4338 riturus
285 4291 432 4339 essem»
