3159 5134
497 685 835 827 EXCURSUS

285 925 385 1055 IN
436 920 762 1057 OVIDII
804 918 1042 1071 ΙΒΙΝ,

201 1199 453 1268 AUCTORE
484 1198 529 1267 D.
560 1196 860 1264 SALVAGNIO
892 1196 1128 1264 BOESSIO.

529 1385 817 1419 *—

533 1666 811 1754 CAPUTI.

138 1880 243 1923 lutros
261 1878 332 1922 nuto
348 1872 493 1920 romarr‘o
510 1879 609 1919 rannus
627 1878 784 1918 summisse
807 1884 813 1917 ε
832 1879 982 1918 soniturus
1004 1878 1103 1919 runnu
1125 1876 1155 1918 ns
1174 1883 1207 1921 no

202 1972 379 2023 snrnnssr,
400 1971 504 2023 sursus
516 1968 675 2009 snonsnms
692 1971 785 2008 murro
802 1971 855 2007 ven
872 1970 983 2009 simun
1000 1972 1044 2010 srr
1062 1973 1138 2011 orus.

139 2134 244 2263 Qun
253 2186 284 2240 Μ
302 2165 447 2266 primum
458 2166 606 2239 animum
621 2163 662 2238 ad
675 2163 788 2239 Ovidii
801 2161 953 2237 libellum
964 2163 997 2236 in
1016 2165 1093 2239 lbin
1113 2194 1207 2239 enar-

137 2282 273 2357 randum
282 2279 414 2383 adpuli,
425 2280 509 2355 nihil
521 2280 605 2355 mihi
616 2282 711 2381 prius
721 2298 821 2380 atque
832 2280 1003 2381 antiquius
1011 2282 1092 2368 snit,
1108 2308 1205 2382 quam

137 2420 171 2474 ut
186 2400 356 2487 omnium,
375 2399 433 2499 qui
452 2398 492 2472 de
509 2399 574 2472 hoc
589 2396 705 2471 libello
722 2397 934 2475 benemeriti
954 2417 1084 2485 essent,
1104 2401 1208 2473 Com-

137 2516 311 2593 mentarios
329 2514 476 2615 undique
496 2515 700 2616 perquisitos
716 2512 924 2593 evolverem:
944 2515 1109 2588 enimvero
1130 2514 1207 2616 pln-

137 2619 209 2708 rinri
221 2652 296 2707 tum
311 2648 446 2719 nostra,
464 2648 535 2705 turn
552 2649 685 2732 patrum
703 2646 737 2705 et
754 2660 890 2706 urorum
901 2632 1078 2718 memoria,
1097 2633 1131 2705 in
1143 2633 1206 2706 hoc
1248 2726 1253 2731 .

138 2748 315 2847 poematis,
333 2764 488 2846 tanquam
505 2746 542 2819 in
558 2744 737 2846 Olympico
751 2745 861 2819 stadio
875 2774 946 2819 non
963 2748 1044 2820 citra
1062 2748 1207 2847 pulveris

137 2880 256 2939 tanturn
271 2862 487 2938 desudarunt.
506 2862 659 2958 Quorum
670 2862 834 2936 remetior
843 2865 950 2945 ἄδηλος
962 2865 1085 2938 eatenis
1103 2864 1206 2940 lacem

136 2982 279 3082 pretulit
295 3012 303 3055 :
320 2980 379 3054 sed
400 3014 417 3044 «
434 2980 504 3078 ejus
522 2978 658 3065 serinia,
674 2980 817 3080 »inquit
829 2979 997 3055 Adrianus
1008 2970 1205 3072 Turnebus,
1252 2960 1259 2972 ’

136 3097 307 3172 Adversas.
332 3094 392 3169 lib.
416 3097 492 3183 lx,
518 3123 590 3196 esp.
610 3094 685 3181 25,
716 3128 736 3161 s
755 3093 811 3167 elii
828 3096 1023 3197 interpretes
1045 3099 1206 3202 compila-

136 3245 155 3279 »
171 3229 269 3300 nint,
288 3229 323 3285 et
338 3210 479 3311 scripta,
497 3210 558 3289 etsi
576 3211 750 3300 mendosa,
769 3213 858 3284 unde
876 3229 985 3285 tamen
1002 3213 1106 3289 multa
1123 3217 1205 3290 odo·

136 3362 154 3393 a
171 3330 236 3403 rari
247 3346 458 3429 poteramus,
482 3346 747 3428 suppresserunt
769 3360 787 3394 »
810 3332 883 3402 Nos
896 3328 988 3403 illurn
1006 3331 1132 3405 tamdiu
1146 3332 1203 3407 de-

134 3445 315 3520 sideratum
337 3445 374 3518 in
398 3443 506 3519 lucem
525 3443 679 3531 edemns3
703 3444 886 3533 sedenim,
907 3447 984 3546 quis
1000 3447 1097 3537 scedis
1115 3448 1205 3543 glos·-

135 3563 266 3637 sematis
282 3589 322 3635 ae
338 3560 566 3664 supposititiis
582 3579 758 3636 auctorum
784 3562 984 3636 testimoniis
1011 3564 1205 3664 inquinatus

133 3696 202 3767 est,
221 3706 341 3753 aurum
358 3706 397 3752 ex
412 3679 483 3778 ejus
495 3695 639 3753 stercore
654 3677 887 3774 colligendum.
904 3681 1004 3752 Anno
1017 3708 1094 3753 vero
1106 3710 1204 3782 supra

132 3794 344 3871 millesimum
359 3813 479 3902 quater
495 3795 674 3870 oentesimo
694 3797 910 3892 nonagesimo
933 3796 1067 3897 quinto,
1087 3798 1204 3870 Domi·
1224 3798 1228 3807 ‘

133 3909 200 3984 tius
224 3907 424 3984 Calderinus
447 3913 645 3987 Veronensis
675 3912 709 3984 in
732 3910 768 3984 id
790 3929 863 3985 toto
879 3929 1012 4013 pectore
1028 3913 1203 4001 incubuit;

131 4023 181 4097 rir
197 4024 333 4125 quidem
350 4023 500 4125 plurimae
516 4024 554 4099 in
567 4024 688 4099 litteris
704 4025 889 4114 industria,
906 4027 963 4127 qui
976 4052 1079 4128 quum
1090 4030 1205 4101 Romae

131 4140 367 4239 profiteretur,
389 4159 423 4216 et
439 4141 582 4217 obscura
601 4141 770 4216 duriorum
788 4161 962 4244 poetarum
979 4172 1073 4218 sensu
1090 4171 1206 4216 recon-

131 4257 209 4335 ditae
233 4259 387 4335 lectionis
413 4258 598 4336 admirabili
615 4261 805 4337 testimonio
822 4262 1034 4349 dilucidaret,
1052 4261 1204 4335 litterarii
