3159 5134
436 506 502 572 ET
527 497 907 574 PRAEFATIONES.
1141 509 1204 573 281

143 644 336 746 reperiatur,
349 640 400 713 cui
411 670 480 714 nou
491 641 672 717 virtutibus
682 643 839 731 dirersis,
853 642 905 718 vel
916 645 1078 744 superior,
1088 643 1138 718 vel
1151 675 1212 747 par
1291 688 1299 712 s

88 825 90 830 ,
144 760 205 846 sit,
224 774 264 831 ut
278 754 444 829 secundus
461 756 646 845 alllaronc,
664 756 709 830 ita
730 756 858 859 primus
877 775 1066 831 caeterorum
1081 788 1089 831 :
1104 787 1211 860 neque

144 874 274 958 minus,
289 887 416 956 tamen,
436 897 541 970 prope
555 868 691 943 ultimus
703 869 889 944 bonorum:
904 898 979 945 nam
998 870 1213 971 quemadmo-

145 987 224 1062 dum
233 986 391 1087 antiquos
398 985 500 1060 lactea
518 987 632 1087 (quod
642 1004 729 1061 recte
739 1016 887 1062 summus
897 988 955 1062 eri
964 988 1071 1063 nostri
1080 988 1214 1063 criticus

149 1102 189 1176 de
206 1128 244 1175 eo
260 1100 409 1200 judicat)
426 1099 582 1174 facilitate
600 1099 777 1190 emollivit,
803 1102 849 1175 ita
863 1101 998 1203 pondus
1012 1129 1051 1175 ex
1067 1102 1216 1176 acumine

148 1234 180 1291 et
191 1246 311 1291 nervos
324 1216 502 1291 characteri
519 1245 581 1293 suo
599 1217 745 1306 addidit3
761 1219 884 1320 quibus
899 1217 1009 1294 nervis
1022 1216 1123 1318 paulo
1137 1234 1218 1318 post

147 1329 398 1420 declamatores,
413 1331 523 1432 primo
531 1330 695 1428 lingnam,
709 1361 785 1406 mox
800 1332 937 1434 poesin,
954 1348 1213 1405 enervatum...

12 1531 13 1550 χ
146 1447 249 1520 Vides
266 1464 376 1521 autem
393 1447 512 1522 fluvios
535 1449 682 1523 minutos
698 1447 794 1535 illos,
814 1476 899 1548 quos
916 1466 973 1522 aut
987 1447 1060 1548 ripa
1077 1476 1135 1522 sua
1157 1474 1218 1521 co-

12 1555 13 1560 *
112 1575 114 1579 “
145 1563 259 1651 hibet,
277 1580 335 1637 aut
348 1563 455 1640 lutum
470 1595 479 1637 :
496 1565 651 1639 Rhenum
662 1591 740 1638 rero
758 1582 931 1652 nostrum,
950 1582 1073 1666 quanto
1087 1565 1218 1661 agmine

147 1707 183 1752 ac
198 1676 320 1753 fiducia
335 1677 484 1753 incedat!
502 1697 543 1753 ut
561 1678 729 1781 plerisque
745 1679 780 1752 in
799 1679 881 1754 locis
898 1708 968 1753 non
982 1679 1126 1754 diffundi
1147 1699 1218 1755 tan-

151 1816 236 1885 tum,
255 1796 313 1871 sed
331 1796 456 1871 effundi
483 1799 590 1872 amet!
618 1799 742 1873 Pontes
762 1826 905 1899 quoque¹
921 1815 977 1871 aut
992 1796 1115 1887 vallos,
1135 1823 1220 1899 saepe

150 1932 206 1989 aut
220 1913 413 2009 indignatur
428 1970 437 2001 ,
453 1933 512 1988 aut
527 1916 725 2016 perrumpit.
743 1916 791 1987 Et
808 1915 977 1988 Oceanum
993 1914 1159 2011 ingentem
1177 1912 1221 1986 il·
1307 1951 1313 1962 ¹

151 2030 218 2103 lum
241 2046 341 2129 atque
366 2030 579 2115 immensum,
596 2029 767 2105 tutelarem
783 2047 952 2118 nostrum,
970 2029 1083 2119 vides,
1104 2031 1163 2132 qni
1176 2029 1220 2103 li·

152 2146 285 2221 toribns
301 2173 338 2219 se
350 2144 514 2220 contineri
526 2163 627 2241 negat
640 2148 654 2220 Ρ
667 2145 791 2220 Caelum
804 2175 937 2248 quoque
950 2163 1044 2219 motu
1057 2163 1115 2219 aut
1131 2145 1220 2220 velo-

151 2261 269 2350 citate,
296 2262 350 2335 cui
376 2261 548 2362 proximus
569 2261 626 2336 hic
652 2280 786 2352 auctor,
809 2290 980 2364 nunquam
1003 2261 1219 2357 terminatur;

151 2378 299 2483 quarmis
314 2378 402 2450 intra
417 2405 452 2451 se
465 2377 626 2452 consistit.
643 2378 735 2454 Idem
749 2365 820 2452 fieri
831 2379 888 2453 hic
900 2378 1016 2453 crede:
1032 2405 1221 2479 quanquam

150 2497 237 2569 enirn
253 2493 339 2568 nihil
353 2494 409 2567 hic
428 2494 472 2568 sit
484 2494 688 2585 violentum,
707 2495 791 2570 nihil
806 2495 897 2598 quod
908 2524 978 2571 non
992 2496 1106 2597 potius
1119 2495 1221 2569 lenis-

151 2615 231 2688 sime
248 2613 462 2714 persuadeat,
482 2642 579 2714 quam
595 2631 709 2710 cogat3
726 2613 811 2688 nihil
826 2632 933 2689 tamen
948 2632 1015 2702 est,
1033 2615 1124 2715 quod
1137 2614 1220 2687 istos

152 2730 272 2804 limites
284 2729 354 2803 non
367 2728 466 2824 louge
478 2729 621 2804 excedat.
631 2733 670 2804 ln
680 2733 842 2804 Amorum
853 2731 985 2831 quidem
994 2730 1090 2805 libris
1099 2788 1108 2818 ,
1117 2759 1218 2832 quum

152 2875 185 2921 se
203 2846 352 2942 nondum
364 2844 545 2920 felicissimi
558 2846 703 2942 ingenii,
718 2847 770 2921 rel
786 2865 936 2948 caperet,
949 2847 1000 2921 vel
1016 2848 1220 2922 circumseri·
1310 2877 1313 2890 ·

152 2963 245 3037 beret
257 2963 409 3051 ubertas,
423 2961 552 3063 aliquid
564 2991 803 3064 nonnunquam
817 2980 933 3053 notes,
948 2963 1039 3064 quod
1052 2964 1222 3065 permittat

155 3078 217 3152 sibi
229 3096 288 3152 aut
299 3077 479 3173 indulgeat.
493 3075 548 3151 Ad
561 3096 692 3167 caetera,
706 3078 942 3181 inprimisque
956 3080 1115 3153 maturior
1127 3097 1222 3153 aetate

154 3191 302 3293 scripsit,
321 3209 445 3292 quanto
462 3191 572 3266 minus
589 3190 769 3267 contulisse
783 3191 962 3289 diligentia
977 3192 1115 3283 ridetur,
1130 3210 1222 3268 tanto

156 3338 239 3385 curae
254 3309 332 3410 plus
348 3338 386 3384 ac
403 3309 572 3386 suavitatis
591 3308 712 3398 habet;
738 3338 811 3410 que
832 3310 868 3383 iu
890 3311 997 3384 Fastis
1013 3328 1104 3384 tauta
1123 3310 1223 3384 nobis

156 3454 284 3527 semper
299 3426 387 3514 risa,
407 3445 446 3500 ut
460 3426 624 3502 narrando
641 3444 784 3506 mentem
800 3425 926 3500 homini
944 3443 1091 3500 excantet
1113 3456 1120 3498 ε
1145 3423 1223 3525 quia

157 3541 367 3628 suavitatem,
387 3568 464 3615 cura
479 3571 550 3643 quae
568 3540 795 3616 dissimulatur
806 3581 818 3629 ,⁴
837 3570 909 3642 quae
923 3558 1072 3642 apparet,
1091 3538 1224 3612 taedium

156 3656 406 3758 molestiamque
422 3659 534 3760 parit:
552 3687 659 3759 neque
685 3657 861 3759 quicquam
887 3656 1010 3753 magis,
1029 3655 1120 3758 qnod
1141 3683 1224 3757 pra·

156 3771 232 3847 clari
250 3775 308 3847 isti
333 3775 438 3849 critici
465 3804 533 3849 uon
556 3774 687 3864 rident,
713 3803 811 3875 quam
828 3773 976 3873 professa
1002 3772 1170 3869 diligentia
1191 3790 1226 3847 et

156 3886 270 3976 labor,
288 3887 435 3965 indolem
452 3919 489 3965 ac
506 3889 639 3985 genium
655 3907 788 3964 enervat
809 3920 816 3963 :
838 3889 974 3988 cujusne
1002 3886 1224 3989 suspicionem

157 4004 314 4103 quidem,
332 4003 391 4077 ubi
414 4003 540 4105 aliquid
567 4002 705 4077 dicendo
731 4004 993 4105 persuadendum
1016 4021 1089 4091 est,
1112 4029 1226 4104 supre-

158 4149 231 4196 mus
247 4120 365 4195 doctor
385 4111 582 4197 Aristoteles
608 4120 762 4195 admittit.
788 4125 828 4196 ln
852 4122 1035 4196 Heroidum
1063 4118 1224 4221 Epistolis

159 4265 239 4337 quas
256 4257 392 4330 vocant,
411 4267 484 4341 que
501 4236 664 4316 Heroides
681 4255 760 4314 sunt
775 4238 966 4329 Prlscian03
982 4238 1102 4338 (cujus
1116 4251 1223 4310 antem
