3159 5134
374 551 441 616 'sos
708 542 1109 614 DEDICATIONES
1266 539 1275 544 ’

374 688 602 772 decantatum,
619 711 736 785 parum
749 684 851 783 hujus
860 682 925 758 loci
938 682 1188 786 amplitudinem
1198 682 1302 758 decet
1312 686 1449 786 impro-

373 802 456 878 bum
467 800 616 888 faenus,
633 817 667 873 et
683 799 966 875 animadversione
978 800 1115 897 dignum
1128 800 1276 876 censoria
1286 802 1301 874 ?
1312 800 1448 903 Ecquid

377 937 443 993 tam
458 917 660 1019 protritum,
673 915 796 1017 'ecquid
814 933 880 1030 tgm
895 913 1122 1016 proculcatum
1137 944 1235 1018 quom
1255 915 1352 989 urbis
1367 916 1448 1004 vie,

376 1034 557 1136 quasequi,
568 1031 788 1119 bores‚'usini‚
798 1029 891 1118 muli,
901 1031 1119 1133 hominesque
1128 1029 1448 1120 clitellarii‚adsidne

373 1152 510 1226 terunt?
521 1149 642 1224 ldeone
654 1177 706 1222 rue
716 1147 896 1223 continebo
908 1146 1010 1235 domi,
1018 1175 1061 1221 ne
1070 1146 1346 1248 bipes'ingrediar
1358 1146 1449 1223 inter

371 1267 603 1372 quadrupedes
620 1323 630 1353 ‚
649 1257 685 1341 et
698 1265 818 1339 carebo
837 1262 998 1364 publico,
1022 1291 1064 1337 ne
1081 1264 1227 1338 minuam
1242 1266 1447 1363 majestatem

373 1385 520 1471 ordinis3
537 1384 606 1469 vel,
624 1382 653 1456 si
668 1381 803 1483 prodire
813 1381 880 1456 huc
897 1379 1313 1477 velim‚cogrrclignitutis
1325 1410 1445 1471 musa,

375 1530 451 1577 cum
466 1500 571 1575 simiis
583 1516 617 1572 et
627 1497 749 1573 felibus
765 1497 802 1570 in
813 1495 933 1592 tegnlis
947 1494 1140 1571 ambulare?
1156 1499 1233 1570 Nun
1248 1497 1447 1574 edocendam

373 1617 471 1704 illuc,
491 1616 613 1717 opinor
637 1614 823 1690 :imitabor
845 1612 960 1715 potius
988 1610 1239 1687 Chalcidensem'
1251 1616 1291 1686 T.
1310 1615 1446 1712 Quintii

376 1732 562 1835 hospitem
583 1750 683 1833 atque
695 1750 734 1807 ut
744 1729 800 1806 ille
814 1729 923 1806 bellus
935 1729 1105 1831 scitusque
1117 1729 1326 1818 convivator,
1341 1759 1446 1833 quum

373 1848 565 1949 imperatori
580 1874 734 1935 romano,
751 1847 889 1949 ejusque
905 1847 1068 1947 preterire
1087 1847 1219 1921 cohorti
1241 1876 1368 1923 coenum
1388 1849 1445 1924 du·

252 1979 255 1984 ⁴
370 1980 437 2051 ret,
453 1990 550 2036 omne
563 1990 670 2059 genus
683 1961 886 2047 venationis,
901 1959 1111 2061 speciemque
1123 1960 1233 2035 ferinre
1245 1964 1374 2052 curnis,
1388 1991 1444 2037 vu·

368 2079 428 2152 riis
454 2076 675 2151 condimentis
702 2075 855 2150 effinxit:
876 2076 924 2150 sic
950 2104 1013 2171 ego
1031 2076 1161 2151 easdem
1187 2077 1267 2152 isus
1290 2077 1442 2175 vulgares

370 2189 500 2295 epulus,
516 2210 557 2266 ut
571 2191 696 2279 ceteri,
713 2218 833 2292 nempe
851 2189 1029 2280 Ovidium,
1047 2191 1145 2265 vobis
1167 2190 1358 2292 adponam,
1384 2194 1441 2269 sed

370 2307 437 2383 alio
452 2325 552 2409 pacto
575 2307 751 2395 condiam3
771 2305 856 2381 libet
868 2307 956 2382 enim
973 2307 1148 2404 magnifica
1162 2308 1262 2383 verba
1284 2308 1441 2398 sundere,

370 2445 410 2501 ut
425 2424 564 2522 gloriosi
580 2424 680 2525 coqui
696 2422 806 2499 solent
821 2424 858 2498 in
873 2423 1054 2498 consuis.
1078 2425 1204 2499 Tenuis
1223 2426 1286 2499 erit
1301 2426 1443 2502 forsitan

375 2540 576 2641 adparatum
600 2538 756 2614 nimirum
780 2539 818 2612 in
838 2565 874 2613 re
892 2539 983 2612 tenui
1002 2567 1011 2611 :
1028 2565 1236 2639 quenquam,
1258 2539 1291 2614 'si
1309 2541 1443 2615 Maroni

376 2655 540 2732 credimus
553 2653 702 2759 apiculas
714 2682 790 2730 suus
804 2655 963 2755 jactanti,
980 2654 1102 2751 Georg.
1117 2652 1233 2743 1v‚6:

533 2852 565 2904 ln
579 2853 652 2906 tenui
663 2851 751 2918 tabor,
771 2861 797 2904 at
810 2851 896 2906 tenuis
905 2869 962 2904 non
973 2850 1072 2922 gloria3
1084 2851 1105 2906 si
1117 2870 1196 2922 quem

535 2950 652 3004 Numina
664 2948 727 3003 luera
739 2948 847 3015 sinunt,
861 2948 987 3020 auditque
1000 2959 1106 3004 vocatus
1118 2949 1219 3021 Apollo.

372 3130 448 3203 Huc
468 3126 572 3214 adde,
596 3125 688 3227 quod
705 3126 752 3199 ad·
763 3126 1068 3227 interpretationem
1089 3127 1202 3202 Ovidii
1225 3128 1352 3228 possim
1373 3131 1440 3204 llo

372 3242 725 3329 mensurationem,
748 3241 959 3316 advocandus
979 3269 1066 3344 sepe
1087 3243 1291 3344 Sophocles,
1318 3242 1440 3346 aliique

374 3384 486 3454 mete
512 3356 679 3457 principes
707 3355 900 3451 tragmdiae:
924 3357 1156 3456 conquirenda
1187 3356 1441 3460 colligendceque

350 3549 352 3554 ,
371 3501 493 3574 spursae
510 3500 548 3545 ac
564 3471 677 3546 lucere
693 3489 867 3571 poetarum
882 3469 1046 3572 reliquie,
1064 3472 1122 3574 qui
1134 3470 1234 3548 iatine
1248 3501 1319 3547 cum
1333 3471 1440 3549 fabel-

372 3589 436 3665 lum
461 3589 709 3692 apulicorum,
732 3606 771 3663 ut
788 3588 903 3663 Attius
926 3605 959 3662 et
983 3590 1164 3678 Pacuvius,
1184 3591 1360 3692 omnisque
1382 3592 1440 3666 avi

372 3702 582 3777 doctissimus
600 3703 649 3776 M.
669 3704 797 3776 Varro:
815 3729 875 3777 nec
894 3701 1007 3776 Livius
1018 3702 1230 3778 Andronicus
1244 3703 1441 3807 Enuiusque

373 3835 453 3892 suut
474 3815 775 3917 promittendi,
805 3844 892 3915 quus
911 3818 1047 3892 vertisse
1073 3820 1206 3916 Ajacem
1232 3845 1273 3893 ex
1294 3821 1440 3922 untiquis

374 3932 594 4032 grammaticis
608 3930 848 4027 cognoscimus.
865 3934 994 4008 florum
1006 3934 1035 4009 si
1052 3951 1215 4010 exstarent
1225 3934 1360 4031 integre
1373 3956 1441 4012 tra·

372 4051 509 4150 gutia,
527 4049 643 4137 hodie,
659 4077 700 4123 ne
717 4049 800 4151 quid
816 4049 1038 4140 dissimulem,
1059 4052 1146 4127 nihil
1162 4053 1245 4128 mihi
1261 4073 1348 4129 esset
1363 4083 1438 4131 cum

371 4167 495 4245 ovidio
509 4165 635 4263 negotii
656 4195 664 4239 ε
685 4194 790 4251 nunc,
813 4166 905 4271 quod
922 4167 1143 4257 solum'licet‚
1167 4177 1242 4245 cunr
1265 4173 1439 4248 Ovidiunis

371 4285 534 4362 conseram
554 4283 611 4361 illa
629 4284 829 4381 fragmenta,
847 4313 920 4386 que
938 4314 1110 4387 superesse
1128 4286 1233 4362 voluit
1250 4308 1440 4392 temporum
