<?xml version="1.0" encoding="UTF-8"?>
<!DOCTYPE html PUBLIC "-//W3C//DTD XHTML 1.0 Transitional//EN"
    "http://www.w3.org/TR/xhtml1/DTD/xhtml1-transitional.dtd">
<html xmlns="http://www.w3.org/1999/xhtml" xml:lang="en" lang="en">
 <head>
  <title>
</title>
<meta http-equiv="Content-Type" content="text/html;charset=utf-8" />
  <meta name='ocr-system' content='tesseract 3.04.00' />
  <meta name='ocr-capabilities' content='ocr_page ocr_carea ocr_par ocr_line ocrx_word'/>
</head>
<body>
  <div class='ocr_page' id='page_1' title='image "./publiusovidiusn00giergoog/publiusovidiusn00giergoog_0148.png"; bbox 0 0 3159 5134; ppageno 0'>
   <div class='ocr_carea' id='block_1_1' title="bbox 388 539 1119 609">
    <p class='ocr_par' dir='ltr' id='par_1_1' title="bbox 388 539 1119 609">
     <span class='ocr_line' id='line_1_1' title="bbox 388 539 1119 609; baseline 0.001 -4"><span class='ocrx_word' id='word_1_1' title='bbox 388 541 448 607; x_wconf 80' lang='lat'><strong>138</strong></span> <span class='ocrx_word' id='word_1_2' title='bbox 715 543 754 606; x_wconf 88' lang='lat' dir='ltr'><strong>P.</strong></span> <span class='ocrx_word' id='word_1_3' title='bbox 784 539 965 608; x_wconf 85' lang='lat' dir='ltr'><strong>ovtnlt</strong></span> <span class='ocrx_word' id='word_1_4' title='bbox 991 540 1119 609; x_wconf 78' lang='lat' dir='ltr'>VITA</span> 
     </span>
    </p>
   </div>
   <div class='ocr_carea' id='block_1_2' title="bbox 378 677 1500 2528">
    <p class='ocr_par' dir='ltr' id='par_1_2' title="bbox 383 677 1453 1713">
     <span class='ocr_line' id='line_1_2' title="bbox 383 677 1452 782; baseline 0.003 -30"><span class='ocrx_word' id='word_1_5' title='bbox 383 678 503 764; x_wconf 78' lang='lat' dir='ltr'><strong>tradit,</strong></span> <span class='ocrx_word' id='word_1_6' title='bbox 518 679 576 778; x_wconf 89' lang='lat' dir='ltr'><strong>qui</strong></span> <span class='ocrx_word' id='word_1_7' title='bbox 589 677 631 751; x_wconf 91' lang='lat' dir='ltr'><strong>ad</strong></span> <span class='ocrx_word' id='word_1_8' title='bbox 641 706 693 752; x_wconf 89' lang='lat' dir='ltr'><strong>an.</strong></span> <span class='ocrx_word' id='word_1_9' title='bbox 708 680 1010 767; x_wconf 73' lang='lat' dir='ltr'><strong>uentorum,</strong></span> <span class='ocrx_word' id='word_1_10' title='bbox 1022 678 1138 753; x_wconf 82' lang='lat' dir='ltr'>addit:</span> <span class='ocrx_word' id='word_1_11' title='bbox 1155 712 1173 744; x_wconf 76' lang='lat' dir='ltr'><strong>u</strong></span> <span class='ocrx_word' id='word_1_12' title='bbox 1184 679 1373 768; x_wconf 75' lang='lat' dir='ltr'><strong>Omnibus,</strong></span> <span class='ocrx_word' id='word_1_13' title='bbox 1389 679 1452 782; x_wconf 88' lang='lat' dir='ltr'><strong>qui</strong></span> 
     </span>
     <span class='ocr_line' id='line_1_3' title="bbox 385 792 1452 895; baseline 0.003 -28"><span class='ocrx_word' id='word_1_14' title='bbox 385 827 403 858; x_wconf 80' lang='grc'><strong>»</strong></span> <span class='ocrx_word' id='word_1_15' title='bbox 424 792 662 895; x_wconf 80' lang='lat' dir='ltr'><strong>quadringenta</strong></span> <span class='ocrx_word' id='word_1_16' title='bbox 678 793 828 871; x_wconf 86' lang='lat' dir='ltr'><strong>sestertia</strong></span> <span class='ocrx_word' id='word_1_17' title='bbox 842 800 937 893; x_wconf 79' lang='grc' dir='ltr'>(δέκα</span> <span class='ocrx_word' id='word_1_18' title='bbox 952 801 1100 893; x_wconf 65' lang='grc' dir='ltr'><strong>μυριάδων</strong></span> <span class='ocrx_word' id='word_1_19' title='bbox 1109 852 1121 885; x_wconf 89' lang='grc'><strong><em>,</em></strong></span> <span class='ocrx_word' id='word_1_20' title='bbox 1143 793 1270 870; x_wconf 81' lang='lat' dir='ltr'><strong>seilicet</strong></span> <span class='ocrx_word' id='word_1_21' title='bbox 1283 794 1452 870; x_wconf 72' lang='lat' dir='ltr'><strong>drachmu-</strong></span> 
     </span>
     <span class='ocr_line' id='line_1_4' title="bbox 385 911 1452 1013; baseline 0.004 -29"><span class='ocrx_word' id='word_1_22' title='bbox 385 943 403 974; x_wconf 78' lang='lat'>»</span> <span class='ocrx_word' id='word_1_23' title='bbox 421 939 509 997; x_wconf 79' lang='lat' dir='ltr'><strong>run,</strong></span> <span class='ocrx_word' id='word_1_24' title='bbox 535 928 574 985; x_wconf 92' lang='lat' dir='ltr'><strong>ut</strong></span> <span class='ocrx_word' id='word_1_25' title='bbox 597 911 722 1013; x_wconf 86' lang='lat' dir='ltr'><strong>optime</strong></span> <span class='ocrx_word' id='word_1_26' title='bbox 743 913 811 1011; x_wconf 88' lang='lat' dir='ltr'><strong>jam</strong></span> <span class='ocrx_word' id='word_1_27' title='bbox 838 911 965 987; x_wconf 90' lang='lat' dir='ltr'><strong>dudum</strong></span> <span class='ocrx_word' id='word_1_28' title='bbox 983 912 1034 987; x_wconf 81' lang='lat' dir='ltr'><strong>cl.</strong></span> <span class='ocrx_word' id='word_1_29' title='bbox 1053 913 1246 988; x_wconf 80' lang='lat' dir='ltr'>Perizonius</span> <span class='ocrx_word' id='word_1_30' title='bbox 1262 923 1271 953; x_wconf 90' lang='lat'>¹</span> <span class='ocrx_word' id='word_1_31' title='bbox 1285 915 1452 1013; x_wconf 87' lang='lat' dir='ltr'><strong>monuit)</strong></span> 
     </span>
     <span class='ocr_line' id='line_1_5' title="bbox 385 1026 1452 1130; baseline 0 -28"><span class='ocrx_word' id='word_1_32' title='bbox 385 1058 403 1088; x_wconf 79' lang='lat'>„</span> <span class='ocrx_word' id='word_1_33' title='bbox 423 1026 651 1127; x_wconf 76' lang='lat' dir='ltr'><strong>possiderent,</strong></span> <span class='ocrx_word' id='word_1_34' title='bbox 674 1046 708 1102; x_wconf 90' lang='lat' dir='ltr'><strong>et</strong></span> <span class='ocrx_word' id='word_1_35' title='bbox 725 1028 849 1130; x_wconf 84' lang='lat' dir='ltr'><strong>quihus</strong></span> <span class='ocrx_word' id='word_1_36' title='bbox 864 1028 1076 1125; x_wconf 67' lang='lat' dir='ltr'><strong>magistratus</strong></span> <span class='ocrx_word' id='word_1_37' title='bbox 1099 1057 1210 1125; x_wconf 72' lang='lat' dir='ltr'><strong>gerere</strong></span> <span class='ocrx_word' id='word_1_38' title='bbox 1225 1027 1389 1130; x_wconf 80' lang='lat' dir='ltr'><strong>perleges</strong></span> <span class='ocrx_word' id='word_1_39' title='bbox 1405 1029 1452 1102; x_wconf 91' lang='lat' dir='ltr'><strong>li·</strong></span> 
     </span>
     <span class='ocr_line' id='line_1_6' title="bbox 386 1143 1452 1247; baseline 0.004 -32"><span class='ocrx_word' id='word_1_40' title='bbox 386 1172 404 1204; x_wconf 78' lang='lat'>»</span> <span class='ocrx_word' id='word_1_41' title='bbox 424 1159 526 1229; x_wconf 85' lang='lat' dir='ltr'><strong>ceret,</strong></span> <span class='ocrx_word' id='word_1_42' title='bbox 545 1143 665 1219; x_wconf 83' lang='lat' dir='ltr'><strong>eorum&#39;</strong></span> <span class='ocrx_word' id='word_1_43' title='bbox 678 1144 900 1245; x_wconf 84' lang='lat' dir='ltr'><strong>petendorum</strong></span> <span class='ocrx_word' id='word_1_44' title='bbox 918 1163 1118 1247; x_wconf 85' lang='lat' dir='ltr'><strong>potestatem</strong></span> <span class='ocrx_word' id='word_1_45' title='bbox 1133 1145 1233 1220; x_wconf 90' lang='lat' dir='ltr'><strong>dedit.</strong></span> <span class='ocrx_word' id='word_1_46' title='bbox 1248 1147 1347 1219; x_wconf 83' lang='lat' dir='ltr'><strong>Hune</strong></span> <span class='ocrx_word' id='word_1_47' title='bbox 1360 1144 1452 1220; x_wconf 85' lang='lat' dir='ltr'><strong>enirn</strong></span> 
     </span>
     <span class='ocr_line' id='line_1_7' title="bbox 385 1260 1451 1362; baseline 0.005 -32"><span class='ocrx_word' id='word_1_48' title='bbox 385 1289 405 1322; x_wconf 69' lang='lat' dir='ltr'><strong>r</strong></span> <span class='ocrx_word' id='word_1_49' title='bbox 424 1260 624 1334; x_wconf 83' lang='lat' dir='ltr'><strong>senatorium</strong></span> <span class='ocrx_word' id='word_1_50' title='bbox 642 1289 797 1349; x_wconf 85' lang='lat' dir='ltr'><strong>censum,</strong></span> <span class='ocrx_word' id='word_1_51' title='bbox 816 1269 850 1336; x_wconf 81' lang='grc' dir='ltr'><strong>τὸ</strong></span> <span class='ocrx_word' id='word_1_52' title='bbox 867 1269 1054 1336; x_wconf 77' lang='grc' dir='ltr'><strong>Βουλευτικόν</strong></span> <span class='ocrx_word' id='word_1_53' title='bbox 1066 1271 1195 1358; x_wconf 76' lang='grc' dir='ltr'>τίμημα,</span> <span class='ocrx_word' id='word_1_54' title='bbox 1212 1262 1306 1362; x_wconf 84' lang='lat' dir='ltr'><strong>prius</strong></span> <span class='ocrx_word' id='word_1_55' title='bbox 1322 1262 1451 1335; x_wconf 85' lang='lat' dir='ltr'><strong>eonsti-</strong></span> 
     </span>
     <span class='ocr_line' id='line_1_8' title="bbox 386 1376 1453 1480; baseline 0.006 -35"><span class='ocrx_word' id='word_1_56' title='bbox 386 1404 404 1436; x_wconf 84' lang='lat'><strong>»</strong></span> <span class='ocrx_word' id='word_1_57' title='bbox 424 1390 556 1463; x_wconf 87' lang='lat' dir='ltr'><strong>tuerat,</strong></span> <span class='ocrx_word' id='word_1_58' title='bbox 579 1403 677 1478; x_wconf 85' lang='lat' dir='ltr'><strong>quern</strong></span> <span class='ocrx_word' id='word_1_59' title='bbox 693 1376 810 1452; x_wconf 86' lang='lat' dir='ltr'><strong>deinde</strong></span> <span class='ocrx_word' id='word_1_60' title='bbox 826 1405 932 1480; x_wconf 87' lang='lat' dir='ltr'><strong>usque</strong></span> <span class='ocrx_word' id='word_1_61' title='bbox 949 1379 991 1453; x_wconf 89' lang='lat' dir='ltr'><strong>ad</strong></span> <span class='ocrx_word' id='word_1_62' title='bbox 1008 1378 1116 1454; x_wconf 78' lang='lat' dir='ltr'><strong>denies</strong></span> <span class='ocrx_word' id='word_1_63' title='bbox 1134 1377 1319 1454; x_wconf 77' lang='lat' dir='ltr'><strong>sestertium</strong></span> <span class='ocrx_word' id='word_1_64' title='bbox 1332 1394 1453 1479; x_wconf 87' lang='lat' dir='ltr'><strong>protu-</strong></span> 
     </span>
     <span class='ocr_line' id='line_1_9' title="bbox 388 1489 1452 1596; baseline 0.004 -33"><span class='ocrx_word' id='word_1_65' title='bbox 388 1523 405 1555; x_wconf 82' lang='lat'>»</span> <span class='ocrx_word' id='word_1_66' title='bbox 424 1489 465 1564; x_wconf 89' lang='lat' dir='ltr'><strong>lit</strong></span> <span class='ocrx_word' id='word_1_67' title='bbox 479 1522 486 1565; x_wconf 90' lang='lat'>:</span> <span class='ocrx_word' id='word_1_68' title='bbox 507 1526 524 1555; x_wconf 87' lang='lat'>»</span> <span class='ocrx_word' id='word_1_69' title='bbox 539 1510 640 1593; x_wconf 80' lang='lat' dir='ltr'><strong>atque</strong></span> <span class='ocrx_word' id='word_1_70' title='bbox 657 1493 754 1569; x_wconf 85' lang='lat' dir='ltr'><strong>etiarn</strong></span> <span class='ocrx_word' id='word_1_71' title='bbox 769 1512 941 1596; x_wconf 82' lang='lat' dir='ltr'><strong>postremo</strong></span> <span class='ocrx_word' id='word_1_72' title='bbox 958 1496 1000 1570; x_wconf 92' lang='lat' dir='ltr'><strong>ad</strong></span> <span class='ocrx_word' id='word_1_73' title='bbox 1016 1493 1175 1570; x_wconf 73' lang='lat' dir='ltr'><strong>duodecies</strong></span> <span class='ocrx_word' id='word_1_74' title='bbox 1185 1495 1274 1568; x_wconf 77' lang='lat' dir='ltr'><strong>fl-S.</strong></span> <span class='ocrx_word' id='word_1_75' title='bbox 1293 1520 1351 1568; x_wconf 83' lang='lat' dir='ltr'><strong>sen</strong></span> <span class='ocrx_word' id='word_1_76' title='bbox 1365 1493 1452 1567; x_wconf 84' lang='lat' dir='ltr'><strong>duo-</strong></span> 
     </span>
     <span class='ocr_line' id='line_1_10' title="bbox 384 1607 1279 1713; baseline 0.003 -33"><span class='ocrx_word' id='word_1_77' title='bbox 384 1607 491 1683; x_wconf 79' lang='lat' dir='ltr'><strong>decies</strong></span> <span class='ocrx_word' id='word_1_78' title='bbox 508 1626 642 1684; x_wconf 85' lang='lat' dir='ltr'><strong>centena</strong></span> <span class='ocrx_word' id='word_1_79' title='bbox 659 1609 777 1699; x_wconf 89' lang='lat' dir='ltr'><strong>millia,</strong></span> <span class='ocrx_word' id='word_1_80' title='bbox 793 1630 898 1713; x_wconf 86' lang='lat' dir='ltr'><strong>prout</strong></span> <span class='ocrx_word' id='word_1_81' title='bbox 916 1613 1098 1687; x_wconf 71' lang='lat' dir='ltr'><strong>Suetonius</strong></span> <span class='ocrx_word' id='word_1_82' title='bbox 1116 1621 1129 1652; x_wconf 83' lang='lat'><strong>¹</strong></span> <span class='ocrx_word' id='word_1_83' title='bbox 1147 1610 1279 1685; x_wconf 78' lang='lat' dir='ltr'><strong>indicat.</strong></span> 
     </span>
    </p>

    <p class='ocr_par' dir='ltr' id='par_1_3' title="bbox 378 1722 1500 2528">
     <span class='ocr_line' id='line_1_11' title="bbox 432 1722 1453 1832; baseline 0 -33"><span class='ocrx_word' id='word_1_84' title='bbox 432 1726 483 1800; x_wconf 81' lang='lat' dir='ltr'><strong>Ex</strong></span> <span class='ocrx_word' id='word_1_85' title='bbox 501 1725 625 1828; x_wconf 88' lang='lat' dir='ltr'><strong>quibus</strong></span> <span class='ocrx_word' id='word_1_86' title='bbox 643 1725 768 1828; x_wconf 87' lang='lat' dir='ltr'><strong>liquet,</strong></span> <span class='ocrx_word' id='word_1_87' title='bbox 792 1728 842 1802; x_wconf 85' lang='lat' dir='ltr'><strong>fas</strong></span> <span class='ocrx_word' id='word_1_88' title='bbox 870 1727 997 1805; x_wconf 80' lang='lat' dir='ltr'><strong>Ouidio</strong></span> <span class='ocrx_word' id='word_1_89' title='bbox 1010 1729 1112 1804; x_wconf 85' lang='lat' dir='ltr'><strong>luisse</strong></span> <span class='ocrx_word' id='word_1_90' title='bbox 1130 1745 1209 1832; x_wconf 86' lang='lat' dir='ltr'><strong>post</strong></span> <span class='ocrx_word' id='word_1_91' title='bbox 1229 1723 1317 1801; x_wconf 85' lang='lat' dir='ltr'><strong>bella</strong></span> <span class='ocrx_word' id='word_1_92' title='bbox 1343 1722 1453 1799; x_wconf 84' lang='lat' dir='ltr'><strong>civilia</strong></span> 
     </span>
     <span class='ocr_line' id='line_1_12' title="bbox 383 1840 1450 1948; baseline 0 -33"><span class='ocrx_word' id='word_1_93' title='bbox 383 1840 491 1942; x_wconf 85' lang='lat' dir='ltr'><strong>sopita</strong></span> <span class='ocrx_word' id='word_1_94' title='bbox 515 1841 556 1916; x_wconf 93' lang='lat' dir='ltr'><strong>ad</strong></span> <span class='ocrx_word' id='word_1_95' title='bbox 579 1842 649 1917; x_wconf 79' lang='lat' dir='ltr'><strong>haee</strong></span> <span class='ocrx_word' id='word_1_96' title='bbox 673 1871 779 1946; x_wconf 82' lang='lat' dir='ltr'><strong>usque</strong></span> <span class='ocrx_word' id='word_1_97' title='bbox 796 1849 966 1946; x_wconf 76' lang='lat' dir='ltr'><strong>tempora,</strong></span> <span class='ocrx_word' id='word_1_98' title='bbox 982 1846 1018 1919; x_wconf 91' lang='lat' dir='ltr'><strong>iu</strong></span> <span class='ocrx_word' id='word_1_99' title='bbox 1036 1845 1158 1948; x_wconf 79' lang='lat' dir='ltr'><strong>quibus</strong></span> <span class='ocrx_word' id='word_1_100' title='bbox 1174 1863 1361 1931; x_wconf 80' lang='lat' dir='ltr'><strong>versamur,</strong></span> <span class='ocrx_word' id='word_1_101' title='bbox 1380 1869 1450 1915; x_wconf 64' lang='lat' dir='ltr'><strong>me</strong></span> 
     </span>
     <span class='ocr_line' id='line_1_13' title="bbox 378 1955 1500 2058; baseline 0 -30"><span class='ocrx_word' id='word_1_102' title='bbox 378 1956 547 2055; x_wconf 50' lang='lat' dir='ltr'><strong>murmur,</strong></span> <span class='ocrx_word' id='word_1_103' title='bbox 566 1984 628 2058; x_wconf 84' lang='lat' dir='ltr'><strong>per</strong></span> <span class='ocrx_word' id='word_1_104' title='bbox 643 1985 731 2058; x_wconf 87' lang='lat' dir='ltr'><strong>quos</strong></span> <span class='ocrx_word' id='word_1_105' title='bbox 747 1958 790 2032; x_wconf 94' lang='lat' dir='ltr'><strong>ad</strong></span> <span class='ocrx_word' id='word_1_106' title='bbox 807 1977 956 2033; x_wconf 79' lang='lat' dir='ltr'><strong>serratum</strong></span> <span class='ocrx_word' id='word_1_107' title='bbox 971 1975 1040 2034; x_wconf 88' lang='lat' dir='ltr'><strong>erat</strong></span> <span class='ocrx_word' id='word_1_108' title='bbox 1056 1958 1181 2046; x_wconf 86' lang='lat' dir='ltr'><strong>aditus,</strong></span> <span class='ocrx_word' id='word_1_109' title='bbox 1198 1971 1328 2058; x_wconf 73' lang='lat' dir='ltr'><strong>petere,</strong></span> <span class='ocrx_word' id='word_1_110' title='bbox 1345 1955 1449 2029; x_wconf 86' lang='lat' dir='ltr'><strong>modo</strong></span> <span class='ocrx_word' id='word_1_111' title='bbox 1496 2045 1500 2050; x_wconf 13' lang='grc' dir='ltr'>ν</span> 
     </span>
     <span class='ocr_line' id='line_1_14' title="bbox 383 2071 1449 2179; baseline 0.002 -32"><span class='ocrx_word' id='word_1_112' title='bbox 383 2073 602 2175; x_wconf 70' lang='lat' dir='ltr'><strong>quodnigentu</strong></span> <span class='ocrx_word' id='word_1_113' title='bbox 616 2077 716 2150; x_wconf 69' lang='lat' dir='ltr'><strong>mitat</strong></span> <span class='ocrx_word' id='word_1_114' title='bbox 731 2076 896 2151; x_wconf 88' lang='lat' dir='ltr'><strong>habuerit.</strong></span> <span class='ocrx_word' id='word_1_115' title='bbox 914 2079 1000 2176; x_wconf 76' lang='lat' dir='ltr'><strong>Qua</strong></span> <span class='ocrx_word' id='word_1_116' title='bbox 1016 2101 1224 2179; x_wconf 80' lang='lat' dir='ltr'><strong>nequaquam</strong></span> <span class='ocrx_word' id='word_1_117' title='bbox 1242 2075 1272 2150; x_wconf 84' lang='lat' dir='ltr'><strong>ei</strong></span> <span class='ocrx_word' id='word_1_118' title='bbox 1288 2071 1449 2164; x_wconf 78' lang='lat' dir='ltr'><strong>defuisse,</strong></span> 
     </span>
     <span class='ocr_line' id='line_1_15' title="bbox 383 2189 1450 2295; baseline -0.001 -33"><span class='ocrx_word' id='word_1_119' title='bbox 383 2190 500 2264; x_wconf 83' lang='lat' dir='ltr'><strong>exinde</strong></span> <span class='ocrx_word' id='word_1_120' title='bbox 517 2189 671 2287; x_wconf 78' lang='lat' dir='ltr'><strong>colligere</strong></span> <span class='ocrx_word' id='word_1_121' title='bbox 693 2211 784 2267; x_wconf 79' lang='lat' dir='ltr'><strong>certo</strong></span> <span class='ocrx_word' id='word_1_122' title='bbox 806 2221 1005 2295; x_wconf 84' lang='lat' dir='ltr'><strong>possumus,</strong></span> <span class='ocrx_word' id='word_1_123' title='bbox 1033 2193 1125 2295; x_wconf 84' lang='lat' dir='ltr'><strong>quod</strong></span> <span class='ocrx_word' id='word_1_124' title='bbox 1150 2217 1264 2293; x_wconf 72' lang='lat' dir='ltr'><strong>reapse</strong></span> <span class='ocrx_word' id='word_1_125' title='bbox 1287 2190 1324 2263; x_wconf 90' lang='lat' dir='ltr'><strong>id</strong></span> <span class='ocrx_word' id='word_1_126' title='bbox 1345 2216 1450 2286; x_wconf 75' lang='lat' dir='ltr'><strong>genus</strong></span> 
     </span>
     <span class='ocr_line' id='line_1_16' title="bbox 383 2307 1451 2407; baseline 0.002 -28"><span class='ocrx_word' id='word_1_127' title='bbox 383 2308 630 2401; x_wconf 75' lang='lat' dir='ltr'><strong>magistratibus</strong></span> <span class='ocrx_word' id='word_1_128' title='bbox 640 2308 684 2384; x_wconf 91' lang='lat' dir='ltr'><strong>sit</strong></span> <span class='ocrx_word' id='word_1_129' title='bbox 692 2310 845 2401; x_wconf 85' lang='lat' dir='ltr'><strong>functus,</strong></span> <span class='ocrx_word' id='word_1_130' title='bbox 860 2341 897 2388; x_wconf 86' lang='lat' dir='ltr'><strong>ac</strong></span> <span class='ocrx_word' id='word_1_131' title='bbox 907 2311 1081 2388; x_wconf 81' lang='lat' dir='ltr'><strong>lato&#39;elavo</strong></span> <span class='ocrx_word' id='word_1_132' title='bbox 1090 2312 1238 2386; x_wconf 80' lang='lat' dir='ltr'><strong>indutus.</strong></span> <span class='ocrx_word' id='word_1_133' title='bbox 1248 2307 1451 2407; x_wconf 77' lang='lat' dir='ltr'><strong>Quinetiam</strong></span> 
     </span>
     <span class='ocr_line' id='line_1_17' title="bbox 382 2421 1449 2528; baseline 0.006 -34"><span class='ocrx_word' id='word_1_134' title='bbox 382 2421 452 2495; x_wconf 75' lang='lat' dir='ltr'><strong>liae</strong></span> <span class='ocrx_word' id='word_1_135' title='bbox 472 2422 579 2497; x_wconf 87' lang='lat' dir='ltr'><strong>fuerat</strong></span> <span class='ocrx_word' id='word_1_136' title='bbox 601 2441 678 2499; x_wconf 87' lang='lat' dir='ltr'><strong>ante</strong></span> <span class='ocrx_word' id='word_1_137' title='bbox 703 2453 831 2501; x_wconf 82' lang='lat' dir='ltr'><strong>summa</strong></span> <span class='ocrx_word' id='word_1_138' title='bbox 850 2447 969 2503; x_wconf 84' lang='lat' dir='ltr'><strong>census</strong></span> <span class='ocrx_word' id='word_1_139' title='bbox 991 2428 1135 2528; x_wconf 70' lang='lat' dir='ltr'><strong>eqraestds</strong></span> <span class='ocrx_word' id='word_1_140' title='bbox 1154 2451 1196 2502; x_wconf 80' lang='lat' dir='ltr'><strong>ex</strong></span> <span class='ocrx_word' id='word_1_141' title='bbox 1218 2423 1290 2522; x_wconf 74' lang='lat' dir='ltr'><strong>lege</strong></span> <span class='ocrx_word' id='word_1_142' title='bbox 1306 2421 1449 2513; x_wconf 78' lang='lat' dir='ltr'><strong>Roscia,</strong></span> 
     </span>
    </p>
   </div>
   <div class='ocr_carea' id='block_1_3' title="bbox 384 2537 1281 2645">
    <p class='ocr_par' dir='ltr' id='par_1_4' title="bbox 384 2537 1281 2645">
     <span class='ocr_line' id='line_1_18' title="bbox 384 2537 1281 2645; baseline 0.009 -34"><span class='ocrx_word' id='word_1_143' title='bbox 384 2537 471 2611; x_wconf 85' lang='lat' dir='ltr'><strong>sicut</strong></span> <span class='ocrx_word' id='word_1_144' title='bbox 485 2537 535 2613; x_wconf 85' lang='lat' dir='ltr'><strong>vel</strong></span> <span class='ocrx_word' id='word_1_145' title='bbox 552 2541 711 2615; x_wconf 77' lang='lat' dir='ltr'><strong>Horatius</strong></span> <span class='ocrx_word' id='word_1_146' title='bbox 728 2541 826 2616; x_wconf 82' lang='lat' dir='ltr'><strong>duret</strong></span> <span class='ocrx_word' id='word_1_147' title='bbox 841 2542 900 2617; x_wconf 90' lang='lat' dir='ltr'><strong>lib.</strong></span> <span class='ocrx_word' id='word_1_148' title='bbox 919 2545 956 2633; x_wconf 92' lang='lat' dir='ltr'><strong>l,</strong></span> <span class='ocrx_word' id='word_1_149' title='bbox 972 2547 1037 2645; x_wconf 78' lang='lat' dir='ltr'><strong>Ep.</strong></span> <span class='ocrx_word' id='word_1_150' title='bbox 1055 2559 1090 2632; x_wconf 81' lang='lat' dir='ltr'><strong>t,</strong></span> <span class='ocrx_word' id='word_1_151' title='bbox 1107 2569 1191 2619; x_wconf 74' lang='lat' dir='ltr'><strong>vers</strong></span> <span class='ocrx_word' id='word_1_152' title='bbox 1211 2545 1254 2645; x_wconf 84' lang='lat'><strong>57</strong></span> <span class='ocrx_word' id='word_1_153' title='bbox 1272 2573 1281 2618; x_wconf 76' lang='grc' dir='ltr'><strong><em>ε</em></strong></span> 
     </span>
    </p>
   </div>
   <div class='ocr_carea' id='block_1_4' title="bbox 544 2685 1273 3122">
    <p class='ocr_par' dir='ltr' id='par_1_5' title="bbox 545 2685 1193 2759">
     <span class='ocr_line' id='line_1_19' title="bbox 545 2685 1193 2759; baseline 0.005 -19"><span class='ocrx_word' id='word_1_154' title='bbox 545 2686 576 2740; x_wconf 82' lang='lat' dir='ltr'><strong>si</strong></span> <span class='ocrx_word' id='word_1_155' title='bbox 588 2690 792 2756; x_wconf 58' lang='lat' dir='ltr'><strong>fardunensis,</strong></span> <span class='ocrx_word' id='word_1_156' title='bbox 805 2708 865 2756; x_wconf 80' lang='lat' dir='ltr'><strong>sex,</strong></span> <span class='ocrx_word' id='word_1_157' title='bbox 877 2699 978 2759; x_wconf 78' lang='lat' dir='ltr'><strong>septem</strong></span> <span class='ocrx_word' id='word_1_158' title='bbox 989 2685 1070 2742; x_wconf 85' lang='lat' dir='ltr'><strong>rnillla</strong></span> <span class='ocrx_word' id='word_1_159' title='bbox 1081 2685 1193 2755; x_wconf 79' lang='lat' dir='ltr'><strong>desunt,</strong></span> 
     </span>
    </p>

    <p class='ocr_par' dir='ltr' id='par_1_6' title="bbox 544 2778 1273 2936">
     <span class='ocr_line' id='line_1_20' title="bbox 545 2778 1273 2851; baseline 0 -18"><span class='ocrx_word' id='word_1_160' title='bbox 545 2779 594 2833; x_wconf 78' lang='lat' dir='ltr'><strong>Est</strong></span> <span class='ocrx_word' id='word_1_161' title='bbox 605 2780 708 2835; x_wconf 80' lang='lat' dir='ltr'><strong>animus</strong></span> <span class='ocrx_word' id='word_1_162' title='bbox 722 2779 781 2847; x_wconf 81' lang='lat' dir='ltr'><strong>tibi,</strong></span> <span class='ocrx_word' id='word_1_163' title='bbox 796 2790 971 2847; x_wconf 82' lang='lat' dir='ltr'><strong>suutruores,</strong></span> <span class='ocrx_word' id='word_1_164' title='bbox 983 2791 1011 2835; x_wconf 86' lang='lat' dir='ltr'><strong>et</strong></span> <span class='ocrx_word' id='word_1_165' title='bbox 1023 2778 1127 2851; x_wconf 68' lang='lat' dir='ltr'><strong>lingua,</strong></span> <span class='ocrx_word' id='word_1_166' title='bbox 1140 2779 1273 2850; x_wconf 73' lang='lat' dir='ltr'><strong>fidesque3</strong></span> 
     </span>
     <span class='ocr_line' id='line_1_21' title="bbox 544 2869 762 2936; baseline 0 -13"><span class='ocrx_word' id='word_1_167' title='bbox 544 2872 620 2923; x_wconf 78' lang='lat' dir='ltr'><strong>Plebs</strong></span> <span class='ocrx_word' id='word_1_168' title='bbox 631 2869 700 2936; x_wconf 77' lang='lat' dir='ltr'><strong>eris,</strong></span> <span class='ocrx_word' id='word_1_169' title='bbox 713 2881 762 2925; x_wconf 86' lang='lat' dir='ltr'><strong>ete.</strong></span> 
     </span>
    </p>

    <p class='ocr_par' dir='ltr' id='par_1_7' title="bbox 547 2960 1206 3122">
     <span class='ocr_line' id='line_1_22' title="bbox 547 2960 1202 3032; baseline -0.002 -17"><span class='ocrx_word' id='word_1_170' title='bbox 547 2962 667 3029; x_wconf 75' lang='lat' dir='ltr'><strong>Roseus,</strong></span> <span class='ocrx_word' id='word_1_171' title='bbox 680 2961 723 3016; x_wconf 85' lang='lat' dir='ltr'><strong>dic</strong></span> <span class='ocrx_word' id='word_1_172' title='bbox 734 2961 823 3029; x_wconf 75' lang='lat' dir='ltr'><strong>sodes,</strong></span> <span class='ocrx_word' id='word_1_173' title='bbox 837 2960 932 3015; x_wconf 85' lang='lat' dir='ltr'><strong>melior</strong></span> <span class='ocrx_word' id='word_1_174' title='bbox 942 2965 1044 3022; x_wconf 68' lang='lat' dir='ltr'><strong>lemn</strong></span> <span class='ocrx_word' id='word_1_175' title='bbox 1057 2979 1202 3032; x_wconf 82' lang='lat' dir='ltr'><strong>puerorum</strong></span> 
     </span>
     <span class='ocr_line' id='line_1_23' title="bbox 547 3049 1206 3122; baseline 0 -18"><span class='ocrx_word' id='word_1_176' title='bbox 547 3051 639 3105; x_wconf 69' lang='lat' dir='ltr'><strong>Nouia</strong></span> <span class='ocrx_word' id='word_1_177' title='bbox 646 3090 655 3118; x_wconf 87' lang='lat'><strong>,</strong></span> <span class='ocrx_word' id='word_1_178' title='bbox 672 3067 731 3121; x_wconf 75' lang='lat' dir='ltr'><strong>que</strong></span> <span class='ocrx_word' id='word_1_179' title='bbox 743 3069 856 3122; x_wconf 74' lang='lat' dir='ltr'><strong>regnum</strong></span> <span class='ocrx_word' id='word_1_180' title='bbox 867 3063 938 3107; x_wconf 83' lang='lat' dir='ltr'><strong>recte</strong></span> <span class='ocrx_word' id='word_1_181' title='bbox 950 3051 1105 3107; x_wconf 75' lang='lat' dir='ltr'><strong>larieunlsns</strong></span> <span class='ocrx_word' id='word_1_182' title='bbox 1118 3049 1206 3105; x_wconf 78' lang='lat' dir='ltr'><strong>offert.</strong></span> 
     </span>
    </p>
   </div>
   <div class='ocr_carea' id='block_1_5' title="bbox 319 3165 1451 3856">
    <p class='ocr_par' dir='ltr' id='par_1_8' title="bbox 319 3165 1451 3509">
     <span class='ocr_line' id='line_1_24' title="bbox 319 3165 1450 3270; baseline 0.007 -32"><span class='ocrx_word' id='word_1_183' title='bbox 319 3233 321 3238; x_wconf 25' lang='lat' dir='ltr'>s</span> <span class='ocrx_word' id='word_1_184' title='bbox 383 3173 453 3244; x_wconf 84' lang='lat' dir='ltr'><strong>Nec</strong></span> <span class='ocrx_word' id='word_1_185' title='bbox 475 3167 547 3244; x_wconf 87' lang='lat' dir='ltr'><strong>aliis</strong></span> <span class='ocrx_word' id='word_1_186' title='bbox 575 3168 699 3244; x_wconf 84' lang='lat' dir='ltr'><strong>licebat</strong></span> <span class='ocrx_word' id='word_1_187' title='bbox 720 3168 756 3243; x_wconf 95' lang='lat' dir='ltr'><strong>in</strong></span> <span class='ocrx_word' id='word_1_188' title='bbox 783 3185 846 3244; x_wconf 69' lang='lat' dir='ltr'><strong>tlt</strong></span> <span class='ocrx_word' id='word_1_189' title='bbox 864 3169 982 3244; x_wconf 86' lang='lat' dir='ltr'><strong>theatri</strong></span> <span class='ocrx_word' id='word_1_190' title='bbox 997 3165 1171 3244; x_wconf 88' lang='lat' dir='ltr'><strong>ordinibus</strong></span> <span class='ocrx_word' id='word_1_191' title='bbox 1188 3168 1318 3257; x_wconf 78' lang='lat' dir='ltr'><strong>sedere3</strong></span> <span class='ocrx_word' id='word_1_192' title='bbox 1344 3197 1450 3270; x_wconf 89' lang='lat' dir='ltr'><strong>quum</strong></span> 
     </span>
     <span class='ocr_line' id='line_1_25' title="bbox 386 3279 1451 3389; baseline 0 -27"><span class='ocrx_word' id='word_1_193' title='bbox 386 3305 470 3363; x_wconf 82' lang='lat' dir='ltr'><strong>esset</strong></span> <span class='ocrx_word' id='word_1_194' title='bbox 480 3317 517 3362; x_wconf 93' lang='lat' dir='ltr'><strong>ea</strong></span> <span class='ocrx_word' id='word_1_195' title='bbox 525 3287 714 3389; x_wconf 73' lang='lat' dir='ltr'><strong>IegeRoscir</strong></span> <span class='ocrx_word' id='word_1_196' title='bbox 721 3279 925 3362; x_wconf 80' lang='lat' dir='ltr'><strong>decocton&#39;bos</strong></span> <span class='ocrx_word' id='word_1_197' title='bbox 936 3303 1033 3362; x_wconf 84' lang='lat' dir='ltr'><strong>certus</strong></span> <span class='ocrx_word' id='word_1_198' title='bbox 1043 3285 1127 3361; x_wconf 77' lang='lat' dir='ltr'><strong>locus</strong></span> <span class='ocrx_word' id='word_1_199' title='bbox 1141 3286 1331 3374; x_wconf 71' lang='lat' dir='ltr'><strong>consulatus,</strong></span> <span class='ocrx_word' id='word_1_200' title='bbox 1342 3315 1451 3388; x_wconf 75' lang='lat' dir='ltr'><strong>quorn-</strong></span> 
     </span>
     <span class='ocr_line' id='line_1_26' title="bbox 385 3402 1123 3509; baseline -0.001 -29"><span class='ocrx_word' id='word_1_201' title='bbox 385 3406 428 3480; x_wconf 79' lang='lat' dir='ltr'><strong>ois</strong></span> <span class='ocrx_word' id='word_1_202' title='bbox 439 3407 506 3509; x_wconf 83' lang='lat' dir='ltr'><strong>quis</strong></span> <span class='ocrx_word' id='word_1_203' title='bbox 511 3406 647 3501; x_wconf 75' lang='lat' dir='ltr'><strong>sernunoe</strong></span> <span class='ocrx_word' id='word_1_204' title='bbox 662 3406 755 3492; x_wconf 61' lang='lat' dir='ltr'><strong>vehi,</strong></span> <span class='ocrx_word' id='word_1_205' title='bbox 778 3435 837 3480; x_wconf 81' lang='lat' dir='ltr'><strong>non</strong></span> <span class='ocrx_word' id='word_1_206' title='bbox 851 3435 906 3480; x_wconf 85' lang='lat' dir='ltr'><strong>suo</strong></span> <span class='ocrx_word' id='word_1_207' title='bbox 917 3405 1086 3480; x_wconf 70' lang='lat' dir='ltr'><strong>decoxisse</strong></span> <span class='ocrx_word' id='word_1_208' title='bbox 1097 3402 1123 3479; x_wconf 79' lang='lat'><strong>³.</strong></span> 
     </span>
    </p>

    <p class='ocr_par' dir='ltr' id='par_1_9' title="bbox 389 3511 1451 3856">
     <span class='ocr_line' id='line_1_27' title="bbox 432 3511 1448 3623; baseline -0.002 -29"><span class='ocrx_word' id='word_1_209' title='bbox 432 3518 535 3617; x_wconf 83' lang='lat' dir='ltr'><strong>Quod</strong></span> <span class='ocrx_word' id='word_1_210' title='bbox 552 3536 659 3594; x_wconf 88' lang='lat' dir='ltr'><strong>tamen</strong></span> <span class='ocrx_word' id='word_1_211' title='bbox 674 3522 849 3616; x_wconf 82' lang='lat' dir='ltr'><strong>Augustus</strong></span> <span class='ocrx_word' id='word_1_212' title='bbox 866 3521 912 3595; x_wconf 88' lang='lat' dir='ltr'><strong>ita</strong></span> <span class='ocrx_word' id='word_1_213' title='bbox 927 3517 1138 3623; x_wconf 87' lang='lat' dir='ltr'><strong>temperarit,</strong></span> <span class='ocrx_word' id='word_1_214' title='bbox 1155 3538 1195 3594; x_wconf 89' lang='lat' dir='ltr'><strong>ut</strong></span> <span class='ocrx_word' id='word_1_215' title='bbox 1213 3551 1231 3585; x_wconf 77' lang='lat' dir='ltr'><strong>o</strong></span> <span class='ocrx_word' id='word_1_216' title='bbox 1257 3546 1362 3620; x_wconf 87' lang='lat' dir='ltr'><strong>quum</strong></span> <span class='ocrx_word' id='word_1_217' title='bbox 1376 3511 1448 3620; x_wconf 86' lang='lat' dir='ltr'><strong>ple·</strong></span> 
     </span>
     <span class='ocr_line' id='line_1_28' title="bbox 389 3627 1451 3738; baseline -0.004 -28"><span class='ocrx_word' id='word_1_218' title='bbox 389 3673 406 3703; x_wconf 89' lang='lat'>»</span> <span class='ocrx_word' id='word_1_219' title='bbox 426 3636 521 3738; x_wconf 87' lang='lat' dir='ltr'><strong>rique</strong></span> <span class='ocrx_word' id='word_1_220' title='bbox 537 3636 703 3737; x_wconf 86' lang='lat' dir='ltr'><strong>equitum,</strong></span> <span class='ocrx_word' id='word_1_221' title='bbox 722 3638 837 3711; x_wconf 86' lang='lat' dir='ltr'><strong>attrito</strong></span> <span class='ocrx_word' id='word_1_222' title='bbox 855 3634 1007 3711; x_wconf 86' lang='lat' dir='ltr'><strong>civilibus</strong></span> <span class='ocrx_word' id='word_1_223' title='bbox 1022 3627 1121 3712; x_wconf 88' lang='lat' dir='ltr'><strong>bellis</strong></span> <span class='ocrx_word' id='word_1_224' title='bbox 1137 3627 1354 3736; x_wconf 87' lang='lat' dir='ltr'><strong>patrimonio,</strong></span> <span class='ocrx_word' id='word_1_225' title='bbox 1375 3661 1451 3734; x_wconf 80' lang='lat' dir='ltr'><strong>spe·</strong></span> 
     </span>
     <span class='ocr_line' id='line_1_29' title="bbox 390 3751 1451 3856; baseline -0.006 -28"><span class='ocrx_word' id='word_1_226' title='bbox 390 3787 408 3818; x_wconf 89' lang='lat'>»</span> <span class='ocrx_word' id='word_1_227' title='bbox 429 3769 520 3828; x_wconf 83' lang='lat' dir='ltr'><strong>ctare</strong></span> <span class='ocrx_word' id='word_1_228' title='bbox 535 3751 634 3831; x_wconf 91' lang='lat' dir='ltr'><strong>ludos</strong></span> <span class='ocrx_word' id='word_1_229' title='bbox 648 3783 666 3829; x_wconf 90' lang='lat' dir='ltr'><strong>e</strong></span> <span class='ocrx_word' id='word_1_230' title='bbox 682 3751 930 3856; x_wconf 87' lang='lat' dir='ltr'><strong>quatuordeeim</strong></span> <span class='ocrx_word' id='word_1_231' title='bbox 947 3783 1017 3828; x_wconf 91' lang='lat' dir='ltr'><strong>non</strong></span> <span class='ocrx_word' id='word_1_232' title='bbox 1036 3752 1214 3842; x_wconf 87' lang='lat' dir='ltr'><strong>auderent,</strong></span> <span class='ocrx_word' id='word_1_233' title='bbox 1238 3767 1329 3826; x_wconf 89' lang='lat' dir='ltr'><strong>metu</strong></span> <span class='ocrx_word' id='word_1_234' title='bbox 1345 3776 1451 3851; x_wconf 77' lang='lat' dir='ltr'><strong>poenae</strong></span> 
     </span>
    </p>
   </div>
   <div class='ocr_carea' id='block_1_6' title="bbox 386 3945 1453 4373">
    <p class='ocr_par' dir='ltr' id='par_1_10' title="bbox 386 3945 1453 4195">
     <span class='ocr_line' id='line_1_30' title="bbox 419 3945 1453 4025; baseline -0.007 -18"><span class='ocrx_word' id='word_1_235' title='bbox 419 3957 428 3986; x_wconf 93' lang='lat'>¹</span> <span class='ocrx_word' id='word_1_236' title='bbox 446 3952 554 4007; x_wconf 80' lang='lat' dir='ltr'><strong>Dissert.</strong></span> <span class='ocrx_word' id='word_1_237' title='bbox 566 3952 656 4007; x_wconf 84' lang='lat' dir='ltr'><strong>Triad.</strong></span> <span class='ocrx_word' id='word_1_238' title='bbox 667 3973 692 4023; x_wconf 81' lang='lat' dir='ltr'><strong>p.</strong></span> <span class='ocrx_word' id='word_1_239' title='bbox 708 3956 772 4023; x_wconf 65' lang='lat'><strong>174,</strong></span> <span class='ocrx_word' id='word_1_240' title='bbox 788 3953 833 4008; x_wconf 83' lang='lat' dir='ltr'><strong>ubi</strong></span> <span class='ocrx_word' id='word_1_241' title='bbox 847 3953 976 4025; x_wconf 75' lang='lat' dir='ltr'><strong>optimam</strong></span> <span class='ocrx_word' id='word_1_242' title='bbox 994 3952 1153 4009; x_wconf 66' lang='lat' dir='ltr'><strong>Suetonium</strong></span> <span class='ocrx_word' id='word_1_243' title='bbox 1169 3963 1232 4006; x_wconf 75' lang='lat' dir='ltr'><strong>oum</strong></span> <span class='ocrx_word' id='word_1_244' title='bbox 1249 3947 1340 4003; x_wconf 77' lang='lat' dir='ltr'><strong>Diuus</strong></span> <span class='ocrx_word' id='word_1_245' title='bbox 1357 3945 1453 4001; x_wconf 74' lang='lat' dir='ltr'><strong>touri-</strong></span> 
     </span>
     <span class='ocr_line' id='line_1_31' title="bbox 386 4031 1452 4111; baseline -0.007 -17"><span class='ocrx_word' id='word_1_246' title='bbox 386 4038 467 4094; x_wconf 84' lang='lat' dir='ltr'><strong>liandi</strong></span> <span class='ocrx_word' id='word_1_247' title='bbox 482 4038 639 4093; x_wconf 83' lang='lat' dir='ltr'><strong>methodum</strong></span> <span class='ocrx_word' id='word_1_248' title='bbox 653 4039 802 4111; x_wconf 78' lang='lat' dir='ltr'><strong>proposuit,</strong></span> <span class='ocrx_word' id='word_1_249' title='bbox 814 4059 893 4110; x_wconf 88' lang='lat' dir='ltr'><strong>quam</strong></span> <span class='ocrx_word' id='word_1_250' title='bbox 905 4051 994 4111; x_wconf 83' lang='lat' dir='ltr'><strong>postea</strong></span> <span class='ocrx_word' id='word_1_251' title='bbox 1010 4038 1051 4094; x_wconf 85' lang='lat' dir='ltr'><strong>Cl</strong></span> <span class='ocrx_word' id='word_1_252' title='bbox 1068 4038 1187 4095; x_wconf 65' lang='lat' dir='ltr'><strong>Groeriua</strong></span> <span class='ocrx_word' id='word_1_253' title='bbox 1196 4056 1245 4092; x_wconf 88' lang='lat' dir='ltr'><strong>suo</strong></span> <span class='ocrx_word' id='word_1_254' title='bbox 1257 4032 1377 4107; x_wconf 78' lang='lat' dir='ltr'><strong>probarit</strong></span> <span class='ocrx_word' id='word_1_255' title='bbox 1393 4031 1452 4088; x_wconf 81' lang='lat' dir='ltr'><strong>cal-</strong></span> 
     </span>
     <span class='ocr_line' id='line_1_32' title="bbox 386 4122 878 4195; baseline 0.002 -18"><span class='ocrx_word' id='word_1_256' title='bbox 386 4122 446 4178; x_wconf 85' lang='lat' dir='ltr'><strong>culo</strong></span> <span class='ocrx_word' id='word_1_257' title='bbox 454 4161 463 4189; x_wconf 86' lang='lat'><strong>,</strong></span> <span class='ocrx_word' id='word_1_258' title='bbox 482 4123 544 4178; x_wconf 79' lang='lat' dir='ltr'><strong>Not</strong></span> <span class='ocrx_word' id='word_1_259' title='bbox 557 4122 588 4176; x_wconf 89' lang='lat' dir='ltr'><strong>ad</strong></span> <span class='ocrx_word' id='word_1_260' title='bbox 601 4122 675 4177; x_wconf 83' lang='lat' dir='ltr'><strong>Suet.</strong></span> <span class='ocrx_word' id='word_1_261' title='bbox 690 4123 758 4194; x_wconf 77' lang='lat' dir='ltr'><strong>Aug.</strong></span> <span class='ocrx_word' id='word_1_262' title='bbox 771 4143 826 4195; x_wconf 76' lang='lat' dir='ltr'><strong>rap.</strong></span> <span class='ocrx_word' id='word_1_263' title='bbox 838 4126 878 4192; x_wconf 73' lang='lat'><strong>4¹·</strong></span> 
     </span>
    </p>

    <p class='ocr_par' dir='ltr' id='par_1_11' title="bbox 417 4213 678 4283">
     <span class='ocr_line' id='line_1_33' title="bbox 417 4213 678 4283; baseline -0.004 -17"><span class='ocrx_word' id='word_1_264' title='bbox 417 4217 430 4247; x_wconf 84' lang='lat'><em>²</em></span> <span class='ocrx_word' id='word_1_265' title='bbox 445 4213 477 4266; x_wconf 87' lang='lat' dir='ltr'><strong>lu</strong></span> <span class='ocrx_word' id='word_1_266' title='bbox 490 4214 556 4283; x_wconf 74' lang='lat' dir='ltr'><strong>Aug.</strong></span> <span class='ocrx_word' id='word_1_267' title='bbox 572 4231 627 4282; x_wconf 85' lang='lat' dir='ltr'><strong>cap.</strong></span> <span class='ocrx_word' id='word_1_268' title='bbox 638 4219 678 4281; x_wconf 81' lang='lat'><strong>4¹·</strong></span> 
     </span>
    </p>

    <p class='ocr_par' dir='ltr' id='par_1_12' title="bbox 418 4301 694 4373">
     <span class='ocr_line' id='line_1_34' title="bbox 418 4301 694 4373; baseline -0.011 -14"><span class='ocrx_word' id='word_1_269' title='bbox 418 4302 430 4337; x_wconf 83' lang='lat'><strong>³</strong></span> <span class='ocrx_word' id='word_1_270' title='bbox 447 4302 541 4361; x_wconf 85' lang='lat' dir='ltr'><strong>Cicero</strong></span> <span class='ocrx_word' id='word_1_271' title='bbox 550 4301 644 4373; x_wconf 83' lang='lat' dir='ltr'><strong>Philip.</strong></span> <span class='ocrx_word' id='word_1_272' title='bbox 660 4303 694 4357; x_wconf 86' lang='lat'><strong>11.</strong></span> 
     </span>
    </p>
   </div>
   <div class='ocr_carea' id='block_1_7' title="bbox 0 0 1588 5134">
    <p class='ocr_par' dir='ltr' id='par_1_13' title="bbox 0 0 1588 5134">
     <span class='ocr_line' id='line_1_35' title="bbox 0 0 1588 5134; baseline 0 0"><span class='ocrx_word' id='word_1_273' title='bbox 0 0 1588 5134; x_wconf 95' lang='lat' dir='ltr'><strong> </strong></span> 
     </span>
    </p>
   </div>
  </div>
 </body>
</html>
