3159 5134
433 510 499 575 ΕΤ
524 508 899 579 PRAEFATIONES.
1133 512 1200 578 285

133 677 266 725 sacrum
283 647 368 723 illud
384 649 559 723 Musarum
575 648 793 722 diversorium
808 665 976 749 repetens,
991 647 1025 720 in
1042 647 1204 724 Heroidas

138 767 211 842 illas
230 766 413 842 Ovidiauas
428 766 514 841 sorte
534 765 645 839 incidi.
668 766 723 838 Dii
738 765 821 840 boui
835 794 933 867 quam
945 764 1119 868 multiplici
1132 795 1206 841 eru-

137 881 265 955 ditione
291 879 445 968 resertas,
463 909 561 981 quam
584 876 797 980 lepidissimis
822 877 947 953 salibus
969 881 1203 956 concinnatas!

2 1077 3 1090 q
141 995 278 1070 «Omne
292 995 369 1069 tulit
382 1013 542 1097 punctum
552 1051 561 1084 ,
572 1012 611 1068 ut
622 995 732 1096 inquit
741 994 898 1083 Flaccus,
910 994 967 1096 qui
981 996 1114 1069 miscuit
1127 994 1206 1070 utile

138 1109 239 1184 dulci.
258 1144 276 1176 »
296 1110 400 1207 Quod
414 1109 548 1211 quidem
566 1127 624 1184 aut
638 1137 755 1199 nemo,
778 1128 932 1213 utputo,
950 1129 1009 1185 aut
1023 1129 1136 1202 noster
1152 1110 1209 1184 bic

138 1230 227 1302 Naso
242 1245 294 1301 est
305 1226 481 1301 adsecutus
494 1258 502 1300 :
513 1229 571 1328 qui
579 1228 625 1302 ita
635 1227 718 1302 seria
728 1227 860 1303 mellitis
869 1228 1046 1326 figmentis,
1052 1227 1207 1325 figmenta

139 1343 232 1418 seriis
256 1342 389 1431 miscet,
406 1361 444 1417 ut
468 1343 549 1418 satis
574 1346 716 1433 nescias,
734 1342 852 1445 plusne
876 1344 1049 1452 utilitatis,
1068 1363 1125 1421 aut
1147 1373 1205 1418 ro·

140 1456 276 1559 luptatis
293 1486 360 1559 prae
378 1487 413 1534 se
437 1460 532 1534 serat.
558 1459 663 1558 Quod
686 1489 790 1561 quum
814 1489 1055 1562 nonnunquam
1078 1459 1208 1557 egregie
1237 1527 1239 1532 ,

140 1570 270 1658 lecerit,
295 1573 330 1645 in
355 1570 520 1673 Epistolis
546 1572 726 1673 prasertim
743 1571 904 1668 singulari
933 1573 1076 1675 quodam
1097 1571 1205 1680 ‘modo

140 1689 219 1763 mibi
236 1690 352 1766 secisse
368 1690 498 1765 ridetur
500 1746 610 1765 .....

357 1985 614 2072 JOANNIS
642 1985 989 2071 PASSERATH

488 2175 851 2230 ennrsrruucuus

201 2320 247 2387 ΙΝ
273 2319 426 2387 OVlDll
451 2319 849 2389 CONSOLATlottEM
874 2319 937 2387 ΔΙ)
961 2319 1144 2388 LIVIAM.

190 2543 284 2560 .....
303 2490 546 2561 lnvnnnutvlr
571 2487 708 2589 opinio,
723 2485 881 2589 vulgique
898 2486 982 2562 fama
999 2487 1207 2589 percrebuit,

143 2601 299 2677 Ovidium
316 2628 387 2678 esse
404 2631 472 2676 non
485 2601 596 2678 multae
612 2603 789 2692 doctrina,
807 2603 1009 2707 humilisque
1020 2622 1054 2678 et
1066 2604 1205 2679 nimium

3 2753 4 2762 κ
141 2713 338 2791 luxuriantis
349 2715 444 2816 styli;
458 2734 557 2818 atque
570 2717 683 2805 etiam,
699 2719 727 2791 si
740 2719 813 2793 Diis
828 2718 954 2820 placet,
968 2717 1076 2792 latinae
1089 2718 1209 2815 lingua

141 2833 333 2930 elegantiam
351 2834 557 2935 nitoremque
576 2834 666 2909 ineo
682 2836 807 2936 requiri
825 2868 833 2910 ε
850 2836 930 2910 adeo
950 2854 988 2911 ut
1008 2835 1112 2911 ltalns
1130 2837 1206 2937 qui·

144 2951 215 3025 dam
226 2951 278 3026 vel
289 2952 352 3025 hae
362 2980 396 3025 re
411 2952 562 3053 inprimis
574 2953 718 3040 nobilis,
732 2983 834 3055 quum
846 2954 1097 3029 humanioribus
1105 2954 1208 3032 literis

143 3068 277 3142 unicum
293 3085 428 3164 gnatum
446 3067 624 3155 imbueret,
642 3067 698 3143 illa
713 3070 799 3143 miro
814 3069 952 3144 artificio
967 3088 1121 3146 contexta
1140 3099 1207 3144 rru-

142 3196 216 3256 tntoe
231 3198 280 3256 ter
292 3184 420 3283 quoque
435 3183 714 3281 voluminofimooe
727 3183 760 3255 in
774 3182 917 3283 patrium
931 3212 1113 3258 sermonem
1126 3212 1207 3257 con-

144 3298 291 3385 verterit,
317 3326 383 3385 ne,
407 3298 436 3371 si
453 3296 552 3371 latine
578 3296 720 3394 legeret,
746 3326 784 3371 ex
808 3298 921 3373 Ovidii
942 3299 1075 3400 scriptis
1094 3299 1209 3374 sordes

145 3431 177 3486 et
192 3412 378 3487 barbariem
395 3411 564 3509 colligeret
578 3414 674 3489 beata
686 3414 780 3516 pueri
793 3413 985 3515 vena,'quae
1000 3414 1149 3513 jamtum
1166 3412 1210 3486 ad

145 3528 327 3629 exemplum
341 3528 492 3603 Maronis
502 3530 713 3630 properabat,
725 3527 1090 3631 nt'pleriqueltalorum
1102 3557 1209 3630 prope

144 3647 185 3720 ab
204 3644 429 3732 incunabulis,
448 3646 530 3719 meri
549 3646 691 3720 existunt
706 3644 831 3744 judicio
849 3674 910 3720 suo
927 3639 1094 3719 Marones.
1113 3642 1209 3732 Deli·

145 3766 209 3839 cias
222 3763 387 3839 bominis!
407 3789 490 3864 quas
504 3791 545 3836 an
560 3791 639 3858 gens
655 3791 714 3836 sua
728 3762 839 3836 riserit
855 3761 986 3846 nescio,
1001 3763 1117 3836 Musas
1130 3790 1209 3861 pro·

144 3882 230 3957 secto
248 3883 359 3984 ipsas,
384 3876 567 3981 quamlibet
589 3907 677 3953 nunc
695 3878 827 3964 tristes,
857 3876 1001 3950 arbitror
1017 3876 1120 3951 risum
1143 3904 1235 3985 nou⁸

150 3997 293 4071 tenuisse
308 3996 343 4069 in
361 4013 426 4070 tam
442 3993 580 4069 delimto
599 4011 631 4067 et
653 3992 831 4093 sybaritico
847 3990 980 4067 fastidio
984 4048 1043 4065 .....
1074 3990 1212 4065 levabit

149 4115 267 4190 melius
280 4111 506 4208 aegritudiuem
523 4126 689 4197 nostram,
718 4137 932 4210 quaecumque
947 4135 985 4181 ex
1004 4105 1147 4209 publicis
1160 4104 1212 4180 vel

147 4229 284 4330 privatis
305 4228 400 4303 malis
417 4228 607 4324 continget,
624 4224 653 4300 is
669 4225 728 4326 qui
746 4224 846 4299 Livio
861 4252 1034 4300 moerorem
1048 4240 1114 4298 tam
1126 4221 1211 4295 bene
