3159 5134
477 519 574 587 PER
597 520 630 586 J.
657 519 881 589 MASSON.
1149 525 1210 592 133

143 659 303 761 Adeoque
319 660 440 736 frustra
459 678 510 734 est
527 660 683 763 Lipsius,
709 660 767 763 qui
785 662 850 735 boc
867 661 908 736 ad
934 662 1122 737 tribunatus
1137 666 1212 765 jura

144 777 256 867 refert,
271 779 365 879 quasi
381 778 457 853 inde
472 779 601 880 priores
613 808 650 853 er
664 799 725 854 xlv
740 780 972 881 amphitheatri
984 782 1141 876 gradibus
1154 787 1230 884 pa?

146 893 287 967 tuissent
304 894 465 981 tribunis,
486 894 577 995 quod
585 895 649 993 jam
661 895 696 967 iu
706 896 839 969 Horatii
850 894 945 968 Vita¹
959 895 1213 971 confutavimus.

194 1012 255 1083 Ill.
282 1009 337 1082 Ad
351 1010 420 1083 hac
437 1038 573 1111 quoquc⁴
592 1028 740 1110 tempora
766 1010 885 1084 referre
900 1011 1047 1112 snccuilio
1068 1013 1214 1087 Nasonis

147 1127 280 1200 connino
295 1124 388 1213 licet,
407 1155 445 1199 ex
461 1126 550 1200 bisce
568 1126 669 1201 Trist.
688 1126 745 1200 lib.
766 1128 825 1217 lt,
844 1124 937 1221 Elcg.
957 1148 996 1215 x,
1012 1153 1060 1200 vs.
1078 1126 1212 1202 56-58:

339 1295 461 1363 Notaque
472 1312 528 1348 nou
541 1293 615 1347 tarde
627 1292 696 1347 iacta
710 1291 803 1347 Thalia
814 1311 874 1347 mea
888 1303 934 1347 est.

310 1387 430 1439 Carmina
441 1404 523 1457 quum
536 1386 651 1455 primum
664 1383 761 1454 populo
767 1386 894 1452 lncenr’leb
902 1383 970 1455 legi,

343 1475 429 1529 Barba
441 1487 538 1530 resecta
552 1475 616 1529 mibi
632 1477 702 1529 bisve
715 1475 829 1529 semelve
840 1475 900 1530 tuit,

149 1612 289 1686 Barbam
308 1612 440 1713 quidem
457 1611 600 1687 Romani
617 1611 787 1712 ponebant
802 1611 923 1697 serius,
941 1611 1055 1698 citius;
1074 1610 1132 1685 sed
1145 1609 1214 1712 ple-

149 1758 285 1831 mmque
295 1730 359 1804 sub
372 1759 495 1805 annum
509 1730 613 1804 atatis
627 1747 719 1814 xxm
734 1727 849 1829 Lipsio
862 1726 1037 1828 ²placebat
1049 1747 1123 1802 xxl.
1136 1728 1214 1802 Mo-

151 1845 267 1918 crobius
279 1859 376 1931 certe,
393 1845 459 1934 ait,
477 1846 508 1918 in
518 1843 624 1919 Soron.
637 1843 788 1944 Scipionis
801 1862 851 1918 ter
864 1843 1086 1944 septenarium
1097 1872 1216 1919 nume·
1240 1838 1254 1864 ⁸

150 1986 219 2032 rum
244 1958 370 2059 requiri
397 1959 439 2034 ad
463 1956 640 2033 radendam
664 1957 802 2031 barbam
825 1956 1005 2057 odsiuuucit.
1035 1957 1087 2032 Cl·
1111 1956 1216 2032 etiam

151 2074 345 2155 Dodwellus
364 2075 393 2164 ³,
409 2093 449 2149 ut
470 2076 592 2177 probet
606 2075 763 2163 barbam,
781 2103 870 2148 anuo
886 2076 990 2149 atatis
1009 2085 1216 2164 xxt,'rasam

151 2194 267 2283 fuisse,
282 2194 325 2268 ad
342 2195 429 2267 idem
446 2193 610 2269 Macrobii
631 2222 736 2295 opus,
757 2191 852 2267 nullo
868 2190 956 2266 libro
973 2193 1118 2294 capitem
1133 2221 1215 2294 pro-

152 2306 236 2398 lato,
264 2338 327 2384 nos
349 2307 510 2383 amandat.
539 2311 587 2382 At
611 2337 713 2409 quum
736 2306 1087 2414 totumpervolverem
1109 2335 1216 2410 opus,

151 2425 216 2500 bac
232 2425 335 2500 modo
348 2443 597 2514 succurrerunt,
609 2423 666 2498 tib.
680 2426 710 2512 l,
726 2452 795 2524 cap.
809 2421 850 2511 6,
862 2422 961 2497 verba
976 2452 983 2495 :
997 2422 1078 2496 Post
1091 2438 1214 2523 terscp-

151 2557 232 2616 teuos
253 2570 350 2615 annos
360 2540 445 2644 flore
461 2570 559 2643 genos
579 2541 671 2614 vestit
685 2543 821 2633 lacento.
850 2538 957 2613 Citius
975 2556 1083 2613 tamen
1100 2538 1214 2613 validae

152 2656 243 2752 sigua
257 2657 399 2756 juventae
415 2657 509 2752 genis
524 2655 712 2757 irrepsisse,
727 2670 867 2728 testatur
879 2670 994 2727 auctor
1008 2652 1160 2729 carminis
1174 2653 1216 2728 ad

152 2772 326 2860 Pisonem,
344 2800 482 2848 canens:

316 2930 448 2998 Quamvis
459 2948 532 2983 nunc
542 2928 657 2999 juvenile
670 2928 749 2983 decus
763 2927 828 2982 mibi
841 2928 947 2999 pingere
961 2928 1041 2984 malas

318 3017 450 3090 Coeperit,
465 3030 491 3074 et
502 3019 623 3073 noudum
635 3023 752 3073 or'cesima
763 3018 866 3073 venerit
876 3029 960 3073 estas.

153 3145 275 3221 Melius
293 3173 371 3221 vero
389 3144 439 3220 Cl.
458 3145 581 3242 Pagius
596 3142 609 3230 4
627 3144 717 3219 baud
732 3146 778 3219 ita
795 3146 924 3245 pridem
936 3164 1052 3220 contra
1065 3147 1217 3248 Lipsinm

154 3263 343 3351 contendit,
359 3262 497 3338 barbam
514 3261 554 3336 de
572 3290 663 3335 more
678 3290 765 3335 anno
783 3261 887 3335 etatis
905 3279 981 3335 xxn
997 3260 1152 3338 inchoato
1165 3294 1218 3338 ra·

91 3374 96 3382 ’
154 3412 221 3458 sam
231 3410 314 3458 esse.
327 3382 367 3454 ln
375 3378 524 3481 exemplo
537 3397 646 3453 tamen
663 3377 736 3452 Caii
745 3374 922 3451 difficultas
935 3375 1043 3451 adbuc
1055 3398 1215 3479 superest

154 3500 189 3573 Si
205 3498 360 3573 Suetonii
376 3497 486 3570 verbis
501 3494 742 3581 adhereamus,
762 3493 1016 3568 Caiusvicesimo
1028 3495 1127 3567 otum
1137 3522 1219 3570 anno

152 3614 264 3686 acaius
282 3611 451 3717 Cupreosn
468 3608 611 3693 Tiberio,
638 3635 702 3680 uuo>
717 3605 879 3705 eodemque
897 3605 947 3679 dic
969 3621 1068 3705 togam
1088 3610 1215 3696 sumsit,

150 3721 453 3828 turbamqueposait.
468 3724 515 3797 At
529 3721 619 3796 bunc
633 3720 741 3795 locum
758 3720 804 3796 ita
820 3721 943 3818 Pagius
955 3723 1107 3824 exponit,
1120 3741 1160 3798 ut
1172 3725 1219 3798 si-

153 3843 304 3940 gnificet,
323 3840 440 3915 Caium
457 3860 505 3914 xx
520 3839 625 3914 utatis
642 3865 730 3911 anno
748 3838 890 3937 Capreas
907 3837 1053 3926 venisse,
1069 3839 1134 3914 boc
1150 3858 1218 3930 est,

186 4045 195 4075 ¹
212 4042 274 4111 Peg.
290 4039 414 4094 urb-118.

187 4126 199 4158 ²
216 4123 323 4178 Excum
333 4121 405 4176 Bxin
416 4120 498 4175 Tacit.
511 4120 582 4173 Anu.
594 4117 672 4173 x1V.

188 4206 199 4240 ³
215 4208 311 4262 Aunab
324 4207 439 4276 Quintil.
451 4226 477 4275 p.
494 4224 533 4279 79.

188 4294 199 4329 ⁴
215 4292 307 4348 Critic.
320 4292 348 4347 iu
360 4291 456 4346 Annal.
467 4291 564 4345 Boron.
574 4287 607 4343 ad
619 4307 661 4343 au.
672 4285 706 4341 C.
718 4304 779 4358 cvr,
796 4307 822 4342 n.
836 4310 858 4341 a.
