3159 5134
482 492 578 559 PER
603 493 640 558 J,
663 489 887 558 MASSON.
1153 491 1212 557 163

194 638 341 735 Insuper
354 661 433 707 vero
452 658 492 705 ex
507 631 604 706 dictis
622 629 864 704 observandum
878 626 985 715 venit,
1004 629 1172 703 Nasonem
1185 647 1219 703 et

146 771 226 827 ante
242 755 392 830 iteratum
410 750 574 824 librorum
594 750 755 822 Amorum
773 746 966 833 editionem,
985 774 1023 821 ac
1045 746 1127 821 adeo
1145 766 1220 822 ante

150 874 221 948 lraee
249 891 417 974 tempora,
435 891 568 970 operam
585 866 744 967 tragedia
761 865 907 953 dedisse;
926 865 1088 966 siquidem
1112 867 1225 941 eadem

152 988 211 1062 lib.
244 991 278 1062 ll
305 986 399 1081 Eleg.
425 1004 535 1073 xlm,
552 988 665 1084 (quse,
686 1000 725 1056 ut
745 983 811 1081 jam
827 980 1057 1070 observatum,
1084 983 1223 1084 scripta,

153 1135 257 1209 φειιω
270 1105 468 1180 Nostersub
482 1102 603 1177 incude
614 1102 731 1176 Artem
742 1100 945 1174 Amatoriam
958 1099 1127 1202 habebat)
1141 1129 1222 1177 vers.

156 1220 288 1309 13-18,
305 1220 375 1294 hec
393 1219 503 1293 canit:

315 1367 417 1432 Sceptra
428 1375 516 1417 tamen
529 1363 622 1423 sumni:
635 1383 749 1433 curaque
764 1375 917 1418 rntuoenrtt
928 1374 1018 1418 nostra

349 1454 458 1519 Crevit3
473 1466 501 1509 et
511 1455 574 1509 huic
584 1452 660 1524 operi
670 1455 814 1524 quamlibet
826 1466 900 1525 aptus
913 1474 994 1510 eram.

318 1545 388 1601 Risit
399 1546 498 1612 Amor,
506 1548 660 1614 pallamque
672 1564 775 1612 meam,
792 1546 925 1616 pictosque
937 1550 1083 1610 cothurnos,

348 1637 504 1706 Sceptraque
519 1636 621 1706 privata
631 1646 683 1689 tarn
696 1637 764 1690 bene
774 1648 860 1691 sumta
873 1656 963 1690 manu.

318 1727 391 1781 Hine
403 1746 509 1796 quoque
522 1746 563 1780 roe
576 1727 691 1786 dominas
703 1746 803 1780 numen
815 1732 921 1781 dedere?
931 1728 1046 1797 iniquae,

352 1817 450 1887 Deque
461 1819 610 1871 cothurnato
617 1828 677 1872 vate
690 1817 837 1888 triumphat
851 1818 944 1871 Amor,

156 1936 248 2011 ldem
270 1964 311 2009 ex
327 1936 442 2009 Amor.
456 1933 515 2008 lib.
530 1937 601 2020 lll,
620 1935 714 2031 Eleg.
729 1955 763 2022 1,
780 1933 1008 2021 confirmatum
1027 1935 1105 2022 ubi,
1126 1963 1228 2037 quum

156 2057 281 2129 Noster
298 2053 334 2126 T
332 2052 498 2153 rogoedmm
512 2079 548 2125 ae
558 2050 701 2150 Elegiae
714 2052 916 2140 induxisset,
930 2050 1020 2126 velut
1031 2069 1162 2153 poetam
1181 2053 1230 2124 vi*

158 2167 269 2242 eissim
287 2165 401 2240 adsue
417 2165 560 2238 earmina
576 2163 779 2253 allicientes,
799 2165 914 2256 addit,
934 2195 996 2240 suo
1021 2166 1153 2241 nomine
1177 2165 1230 2239 lo-

158 2315 287 2388 quens,
301 2313 385 2359 vers.
404 2280 516 2382 63-70
532 2314 540 2356 :

326 2429 417 2484 Altera
428 2449 471 2484 me
483 2441 580 2499 sceptro
592 2428 713 2495 decoras,
728 2431 834 2501 altoque
845 2434 985 2498 corbaram

357 2524 419 2577 Jam
431 2542 504 2580 nnnc
513 2533 636 2577 contacto
648 2526 657 2555 ¹
669 2542 780 2593 magnus
792 2523 820 2576 in
831 2543 877 2577 ore
890 2544 983 2578 eonor:

325 2615 416 2692 pltera
431 2615 476 2669 das
487 2625 579 2670 nostro
592 2613 724 2669 uicturum
737 2631 838 2669 nomen
850 2615 950 2684 amori,
963 2627 1012 2670 ete.

160 2734 284 2836 quibus
312 2730 397 2806 clare
422 2731 643 2828 significatur,
663 2731 824 2808 Ovidium
849 2733 915 2833 jam
942 2752 1017 2808 ante
1034 2735 1146 2810 fictum
1170 2737 1236 2811 hoc

160 2869 327 2927 certamen
345 2850 547 2925 carminibus
560 2849 683 2951 tragicis
696 2849 910 2938 inclaruisse,
927 2880 997 2924 non
1014 2879 1109 2926 secus
1124 2882 1160 2927 ac
1172 2853 1233 2925 ele-

153 2969 261 3068 grncis,
275 2996 339 3071 'sen
353 2967 533 3042 amatoriis.
549 2965 653 3065 Quod
670 2968 824 3067 superins
836 2968 1036 3043 indicaverat
1048 2969 1084 3043 Τ
1082 2968 1230 3071 rogoedrir,

160 3082 206 3157 sic
225 3081 388 3185 loquens,
404 3111 488 3156 vers.
508 3107 639 3182 27-29:

328 3229 411 3299 Quod
423 3240 522 3282 tenera
532 3238 655 3296 cantent,
666 3232 730 3282 lusit
739 3237 783 3286 tua
794 3231 887 3290 Musa,
901 3230 1009 3299 puellm

361 3324 498 3390 Prr‘rnaque
511 3339 559 3390 per
570 3339 697 3374 numeros
708 3331 767 3374 acta
770 3322 881 3388 juventa
888 3341 956 3375 suos.

326 3412 401 3464 Nunc
412 3410 521 3465 babeam
535 3430 582 3481 per
595 3421 639 3480 to,
660 3409 950 3483 Romana·Tragoedia,
963 3432 1064 3467 nomen
1074 3453 1081 3479 ,
1093 3425 1141 3469 etc.

158 3533 248 3607 unde
264 3529 364 3606 simul
384 3529 508 3631 liquet,
528 3527 715 3619 Nasonem,
732 3532 810 3606 dum
823 3534 893 3606 lraee
910 3532 1085 3620 scriberet,
1097 3534 1229 3633 pninam

151 3649 306 3749 W
318 3647 506 3748 jamiam,-
530 3646 621 3746 quod
649 3663 683 3720 et
702 3666 819 3748 postea
834 3648 945 3722 innuit
960 3648 1072 3722 eadem
1089 3648 1224 3748 Elegio,

158 3791 242 3838 vers.
259 3761 306 3863 59
320 3791 328 3834 :

321 3887 410 3937 Pn'rna
421 3893 472 3938 tun
483 3883 554 3937 mori
564 3882 649 3937 felicia
660 3889 757 3936 somena
765 3885 862 3937 mentis
873 3905 879 3946 ;

158 4002 293 4078 Scilicet
303 4002 371 4076 lroe
390 4029 402 4072 r
417 4018 627 4104 poematum,
644 4002 761 4075 Amor.
776 4000 836 4074 lib.
847 4002 914 4089 Ill,
932 4031 971 4076 ex
982 3999 1049 4078 illis
1066 4021 1134 4090 est,
1154 4033 1226 4104 quae

191 4180 200 4209 ¹
222 4176 266 4228 An
276 4192 333 4228 non
345 4171 431 4242 potius
441 4171 602 4243 legendnm,
620 4179 747 4235 contecto,
763 4172 796 4226 ob
814 4170 912 4225 larvam
925 4191 1040 4242 nempe,
1062 4193 1112 4242 qua
1130 4183 1227 4226 conte-

155 4260 269 4331 gebatur
277 4278 325 4324 os,
339 4258 457 4314 faciesve.
