3159 5134
456 530 557 597 PER
581 533 614 597 J.
641 529 863 599 MASSON.
1140 535 1199 601 1-23

133 677 250 775 ltaque
265 670 355 746 baud
369 671 441 745 sine
453 673 583 745 tutione
594 671 693 744 uobis
706 672 857 745 vidmrus
870 672 1075 761 existimare,
1086 674 1204 748 trium-

133 790 276 863 virutum
294 787 384 862 haud
402 805 477 861 ente
495 787 559 861 hos
576 785 745 874 consules,
766 786 890 887 quibus
906 816 1028 862 anuum
1044 791 1146 864 etatis
1158 810 1206 863 xx

130 903 329 1005 adimplevit
347 903 512 990 Ovidius,
530 903 573 976 nl>
593 929 633 976 eo
653 921 843 1004 susceptum
860 932 939 979 esse.
958 909 1026 979 Nec
1042 907 1128 980 enim
1147 937 1206 981 au·

135 1020 277 1095 tiendus
293 1037 344 1093 est
359 1019 512 1120 lipsius,
531 1020 589 1120 qui
605 1049 646 1094 ex
664 1020 777 1120 priore
798 1020 920 1094 Dionis
938 1020 1012 1096 loco
1033 1039 1204 1109 autumat,

133 1134 310 1208 institutos
326 1161 396 1208 esse
414 1154 462 1208 xx
477 1133 565 1207 viros
580 1133 624 1207 eb
646 1136 818 1229 Augusto,
836 1163 939 1234 quum
965 1153 1060 1209 ειιῐει
1084 1135 1203 1230 viginti

132 1279 189 1325 sex
206 1265 338 1334 essent,
356 1277 444 1322 anuo
462 1252 505 1322 U.
524 1251 563 1322 C.
583 1267 712 1323 neem
725 1280 733 1322 :
748 1250 911 1352 siquidem
923 1250 990 1324 hoc
1005 1279 1074 1324 nou
1088 1251 1204 1325 scribit

132 1367 219 1452 Dio,
238 1391 347 1465 neque
364 1364 482 1440 exinde
498 1365 672 1466 sequitur,
690 1366 780 1466 quod
796 1365 853 1440 ille
868 1366 909 1439 ud
928 1394 1003 1440 eum
1019 1395 1141 1440 aunum
1151 1366 1206 1440 lu-

132 1481 201 1557 sius
219 1480 360 1567 dixerit,
377 1482 435 1582 qui
450 1482 573 1556 fuerint
589 1502 637 1556 xx
651 1482 721 1556 riri.
738 1484 831 1580 Quin
848 1484 943 1558 etiam
958 1484 1048 1557 lraucl
1062 1483 1204 1556 obscure

131 1600 263 1686 innuit,
292 1619 340 1674 xx
363 1600 451 1673 viros
469 1600 535 1698 jum
552 1617 629 1673 aute
646 1599 848 1674 constitutos
867 1601 987 1686 luisse,
1007 1629 1105 1701 quum
1120 1598 1203 1674 illud

130 1712 225 1788 lieret
240 1713 585 1801 senatusconsultum,
602 1714 695 1814 cujus
712 1716 884 1790 occasione
895 1714 937 1789 de
952 1713 1018 1788 illis
1034 1713 1202 1814 loquitur3

129 1830 287 1930 idemque
298 1828 420 1905 diserte
433 1828 606 1904 cdnfirmot
620 1859 697 1904 mor
714 1830 856 1919 addens,
867 1834 934 1935 jum
948 1846 1018 1905 ante
1030 1831 1205 1930 subrogatos

42 1943 44 1948 ’
120 1945 225 2043 ssim
234 1973 295 2020 sex
304 1944 407 2032 alios,
421 1945 479 2046 qui
487 1945 569 2020 olim
578 1946 693 2042 viginti
706 1948 921 2021 nervicorum
931 1973 1103 2019 numerum
1114 1973 1204 2019 com·

132 2064 290 2166 plebemt,
305 2062 368 2136 duo
382 2063 539 2140 nimirum
555 2064 593 2150 ri,
610 2064 665 2165 qui
677 2064 748 2138 ories
763 2078 854 2137 extr-o
866 2063 969 2136 nibem
987 2062 1133 2136 curabunt
1147 2066 1161 2146 ,“
1175 2076 1207 2135 et

132 2196 274 2281 quatuor,
290 2179 343 2281 qui
357 2180 392 2252 in
407 2178 611 2279 Cmopmimr
622 2179 824 2253 nitebamur.
1172 2209 1175 2214 ·

182 2295 458 2372 Crsssiusudltuc
472 2313 559 2372 urat
570 2296 717 2373 siccana
732 2304 760 2385 ¹,
775 2323 880 2396 quum
897 2323 935 2369 ex
952 2293 1066 2368 mdem
1083 2293 1204 2367 Dionis

131 2410 207 2486 loco
225 2412 330 2499 eruit,
356 2434 404 2488 xx
419 2413 507 2488 viros
525 2414 656 2488 demum
668 2422 755 2488 nuno
767 2416 815 2486 .U.
832 2413 869 2486 C.
890 2429 1040 2499 Doeffl,
1058 2427 1204 2485 senatus-

134 2527 290 2601 consulto
305 2555 344 2602 ex
355 2528 526 2629 equitibus
542 2527 663 2604 electos
679 2559 767 2618 esse,
782 2557 886 2630 quum
895 2528 1041 2629 primum
1054 2553 1094 2600 ex
1107 2523 1206 2627 plebe

134 2643 347 2742 potissimum
371 2663 581 2720 crearentur:
601 2647 697 2745 quasi
722 2673 800 2720 vero
827 2644 894 2719 Dio
915 2642 1138 2740 signiticaret,
1159 2664 1205 2716 xx

134 2759 223 2834 siros
240 2761 285 2833 ab
305 2788 344 2833 eo
362 2789 449 2835 anuo
467 2762 603 2863 cupium
621 2789 661 2835 ex
678 2760 758 2877 qolis
776 2759 946 2861 equitibus
963 2759 1083 2833 creari.
1075 2760 1203 2831 'Hauc

137 2894 219 2951 terte
237 2875 543 2977 interpretationem
561 2877 734 2952 confictout
756 2903 826 2950 uon
845 2873 948 2949 ruodo
966 2873 1049 2960 elia,
1072 2901 1147 2974 qun
1164 2902 1203 2947 er

134 2992 278 3095 ipsomet
288 2993 399 3068 Dione
412 3012 446 3068 et
456 2994 591 3068 Tacito
581 3022 647 3092 Jom
662 2991 880 3094 protulimus,
893 2991 970 3067 sed
960 3008 1100 3092 ipsemet
1108 2990 1203 3064 loeus

136 3109 263 3184 acl.
231 3139 305 3184 mro
321 3110 354 3183 in
372 3140 469 3186 suum
489 3111 679 3212 presidium
697 3111 893 3197 advocatum
910 3109 1072 3210 siquidem
1086 3109 1203 3182 exinde

135 3229 261 3303 clerum
279 3247 348 3316 est,
366 3250 413 3303 xx
429 3229 519 3303 viros
536 3257 576 3303 oo
592 3258 682 3302 auno
696 3257 735 3302 cx
749 3227 919 3325 equitibus
934 3226 1037 3300 fuisse
1050 3225 1203 3321 designa-

135 3364 206 3432 tos,
224 3345 271 3419 ob
288 3344 375 3420 hanc
392 3363 519 3420 tuntum
535 3346 715 3433 rationem,
734 3345 826 3446 quod
844 3362 913 3419 tum
929 3371 1014 3417 nemo
1035 3358 1127 3427 esset,
1151 3344 1205 3445 qui

133 3475 241 3558 sponte
263 3487 323 3534 sua
344 3475 468 3534 uratur
482 3487 549 3534 csse
568 3459 672 3534 vellet.
697 3457 857 3559 Adeoque
880 3454 1200 3532 senatusconsultum

134 3595 214 3654 tnnc
233 3575 393 3677 temporis
406 3574 547 3663 luctum,
563 3574 709 3651 nonfuit
723 3591 884 3677 perpetua
897 3572 968 3659 lex,
985 3600 1051 3674 qua
1068 3572 1104 3646 iu
1120 3600 1199 3673 pos·

134 3712 240 3770 mum
259 3713 307 3768 xx
321 3691 382 3768 riri
400 3720 441 3768 ex
454 3691 624 3793 equitibus
637 3710 747 3766 essent
760 3689 970 3776 desumendi3
988 3690 1199 3790 quemadmo-

132 3808 212 3882 dum
230 3808 368 3907 insuper
391 3807 568 3882 innumere
593 3805 818 3882 denroustrcnt
838 3803 985 3905 lepidum
1008 3804 1200 3905 inscriptio-

129 3949 213 4010 nes,
236 3919 361 4021 quibus
388 3941 412 3996 x
435 3921 559 3996 viratus
575 3918 724 3995 stlitibus
743 3918 949 4017 judicandis,
973 3946 1051 4019 pars
1074 3918 1200 3994 scilicet
1225 4009 1231 4022 ⁸

130 4057 182 4112 xx
198 4036 343 4124 viratus,
360 4037 436 4138 ipso
452 4037 598 4112 Sicccma
614 4035 809 4124 confitente,
829 4052 1015 4112 recmsetur
1032 4036 1120 4109 iuter
1135 4036 1200 4108 ho-

127 4182 230 4229 nores
248 4154 473 4229 consularium
497 4155 663 4242 virorum,
682 4182 767 4254 quos
786 4182 901 4232 omnes
922 4182 961 4230 ex
978 4152 1147 4255 equitibus
1164 4153 1199 4224 iu

164 4303 174 4333 ¹
193 4299 235 4354 De
249 4299 416 4354 centumvir.
429 4300 547 4367 Judicio,
562 4301 604 4355 lib.
615 4299 644 4366 l,
658 4319 747 4372 canu
