3159 5134
398 543 460 609 116
724 542 763 606 P.
787 540 970 607 OVIDII
999 541 1133 608 VITA

391 682 502 756 Plinio
523 690 531 719 ¹
560 708 693 780 quoque
713 680 815 753 clurus
838 682 917 753 rietes
934 679 1056 754 &modi
1075 681 1234 780 runpr'strus
1261 680 1409 769 (licitur,
1426 701 1463 757 et

392 795 602 894 Quintiliano
618 805 649 882 ²,
664 795 782 894 prtinus
804 796 883 869 clari
899 795 1031 870 uomrirr's
1046 795 1207 894 professor.
1236 796 1335 870 Obiit
1350 815 1462 872 autem

391 940 479 985 anno
494 913 536 983 U.
553 910 591 983 C.
606 908 735 983 circiter
747 928 855 996 nect,
874 940 942 1011 quo
954 939 1015 1012 per
1030 929 1224 985 autumnum
1240 910 1337 987 desiit
1352 941 1461 987 annus

391 1026 533 1100 Abrahae
551 1044 699 1113 mlxnl,
716 1054 754 1099 ae
767 1024 904 1127 Olymp.
918 1043 1026 1100 cxclv
1039 1029 1187 1127 primns,
1206 1027 1249 1099 ad
1267 1055 1365 1128 quem
1378 1028 1460 1102 Hie-

391 1171 549 1243 ronymus
566 1143 601 1216 in
620 1142 787 1216 Chronico
798 1140 869 1215 haec
884 1158 1001 1215 notat:
1019 1174 1037 1206 ι(
1052 1143 1102 1215 Μ.
1118 1142 1258 1217 Porcius
1272 1145 1374 1217 Latro
1390 1144 1463 1216 La-

394 1293 411 1322 »
433 1259 522 1332 tinus
541 1256 764 1344 declamator,.
779 1257 877 1331 taedio
895 1257 1039 1358 duplicis
1056 1277 1222 1360 quartana
1238 1276 1340 1334 semet
1358 1261 1462 1334 inter·

394 1410 412 1440 u
435 1374 523 1450 fecii.
545 1409 562 1439 »

439 1496 519 1567 Non
545 1491 628 1566 adeo
655 1491 752 1565 nobis
771 1507 873 1564 notus
897 1508 948 1564 est
963 1491 1015 1565 Μ.
1039 1493 1184 1566 Arellius
1203 1493 1346 1580 Fuscus,
1377 1494 1462 1569 alter

392 1605 506 1682 Ovidii
538 1605 670 1692 rhetor,
690 1604 818 1703 dequo
842 1604 965 1678 Seneca
988 1603 1130 1679 liberum
1155 1606 1220 1679 lert
1241 1605 1400 1704 judicium
1423 1608 1460 1681 ³:

394 1760 411 1790 u
432 1726 514 1797 Erat
527 1721 703 1822 explicatio
716 1721 815 1795 Fusci
827 1720 944 1794 Arellii
958 1719 1129 1821 splendida
1141 1723 1295 1823 quidem,
1313 1724 1371 1799 sed
1385 1755 1461 1828 ope·

393 1874 410 1906 »
431 1869 506 1914 rosa
524 1855 558 1912 et
575 1836 758 1937 implicita:
778 1833 887 1910 cultus
903 1835 1003 1910 nirnis
1018 1838 1203 1938 exquisitus
1226 1869 1235 1911 :
1257 1842 1459 1942 compositio

390 1991 409 2023 u
427 1956 605 2030 verborum
630 1950 782 2039 mollior,
809 1969 870 2026 ete.
892 1951 1019 2027 »Idem
1035 1953 1209 2028 nonnullis
1226 1952 1239 2001 ⁴
1257 1955 1403 2046 videtur,
1421 1988 1459 2032 ac

389 2072 465 2161 ille,
484 2099 581 2173 quem
597 2066 727 2142 Plinius
743 2066 755 2108 ⁵
769 2067 884 2169 prodit
901 2096 936 2142 se
951 2070 1071 2146 vidisse
1086 2088 1199 2145 motum
1212 2074 1342 2174 equestri
1352 2073 1459 2149 ordene

389 2192 429 2266 ub
446 2190 589 2290 lusapuem
613 2187 815 2271 columniam,
841 2213 882 2259 ex
906 2204 1030 2288 urgento
1053 2192 1185 2264 annulos
1203 2188 1369 2264 Ιιαῦιιιὶιιη.
1392 2192 1458 2266 Sed

392 2334 495 2408 quum
516 2303 571 2378 alii
588 2301 717 2376 codices
735 2302 898 2376 Aurelium
919 2304 1057 2378 Fuscum
1073 2305 1271 2396 exhibeant,
1297 2335 1356 2380 nee
1370 2308 1458 2381 veri-

391 2417 499 2493 simile
516 2417 578 2502 sit‚
608 2415 717 2488 Plinio
736 2415 749 2453 ⁶
766 2415 873 2490 visum
892 2444 963 2490 esse
981 2418 1146 2494 rhetorem
1163 2420 1227 2493 sub
1250 2421 1404 2516 Augusto
1423 2421 1457 2494 in

393 2533 508 2609 Ovidii
536 2530 757 2605 adolescentia
781 2530 1011 2631 profitentem,
1035 2535 1137 2610 satius
1163 2535 1245 2610 mihi
1262 2535 1392 2611 videtur
1408 2566 1459 2612 as-

392 2631 524 2726 sensum
544 2647 606 2720 hac
624 2646 660 2719 in
676 2674 711 2720 re
729 2645 892 2721 cohibere.

439 2766 501 2838 III.
520 2761 614 2859 Quin
628 2778 660 2834 et
678 2760 824 2837 Athenas
839 2761 1025 2846 studiorum
1046 2791 1143 2836 eausa
1164 2766 1255 2838 Naso
1272 2765 1389 2866 petiit,
1408 2765 1458 2867 ip-

395 2897 501 2954 somet
516 2877 677 2967 docente,
693 2876 794 2952 Trist.
815 2876 873 2951 lib.
891 2880 927 2967 I,
944 2877 1037 2975 Eleg.
1056 2897 1102 2969 11,
1121 2908 1201 2954 vers.
1219 2907 1261 2982 77
1279 2911 1287 2953 :

560 3024 616 3078 Nec
627 3035 702 3093 peto,
715 3035 779 3092 quas
791 3023 925 3093 quondam
938 3023 1001 3093 petii
1011 3027 1152 3087 studiosus,
1163 3026 1287 3080 Athenas.

395 3148 442 3217 At
458 3142 548 3215 aliud
564 3158 694 3241 tempus
712 3142 906 3242 spectaverit
923 3142 1004 3229 iter,
1024 3171 1091 3242 quo
1110 3172 1144 3217 se
1163 3142 1280 3218 Siciliae
1302 3143 1457 3244 Asiaeque

389 3257 494 3356 urbes
510 3255 724 3356 perlustrasse
740 3257 838 3331 cauit.
858 3255 985 3331 Ibidem
1001 3257 1089 3332 enim
1104 3258 1298 3357 subjungit:
1577 3263 1578 3268 ’

558 3401 664 3472 Oppida
674 3421 729 3456 non
741 3403 828 3468 Λεία,
843 3421 896 3457 non
910 3404 965 3458 loca
976 3403 1029 3458 visa
1042 3404 1112 3474 prius
1126 3422 1133 3457 ε

395 3539 426 3595 et
443 3548 482 3594 ex
499 3520 597 3592 Pont.
616 3515 674 3591 lib.
689 3519 743 3607 ll,
762 3519 871 3620 Epist.
889 3540 910 3592 x
925 3519 968 3593 ad
983 3520 1152 3608 Macrum,
1169 3546 1252 3592 vers.
1273 3543 1315 3590 21
1335 3547 1343 3590 ε

428 3696 436 3725 ¹
455 3691 524 3744 Hist.
537 3689 597 3744 Nat
608 3689 652 3743 lib.
664 3689 735 3755 XX,
749 3709 805 3759 cap.
820 3694 859 3758 14«

426 3781 439 3810 ¹
456 3775 569 3831 Institut.
578 3775 622 3828 lib.
634 3775 674 3842 X,
691 3794 745 3844 cap.
759 3780 781 3830 5.

427 3861 438 3896 ³
454 3861 532 3917 Ptol.
548 3857 591 3913 lib.
604 3859 631 3914 II
649 3858 776 3913 Controv.

427 3952 439 3988 ⁴
455 3949 512 4003 Nic„
525 3947 611 4001 Fabro
622 3946 684 4000 Not.
693 3957 720 3998 et
729 3943 801 3998 And.
813 3945 936 4014 Schotto,
947 3945 980 4000 de
993 3944 1034 4000 CI.
1042 3947 1112 4018 apud
1121 3947 1271 4003 sennhu.
1281 3966 1337 4018 pag.
1347 3948 1371 4002 6.

428 4032 439 4067 ⁵
456 4032 511 4085 tit.
523 4028 662 4094 XXXIII,
673 4048 728 4097 cap.
746 4050 781 4081 n.

427 4113 440 4152 ⁶
456 4115 539 4168 Natus
555 4110 607 4165 scil·
626 4120 682 4163 erat
692 4130 734 4165 an.
746 4110 782 4164 U.
795 4107 828 4165 C.
841 4126 976 4167 nccuxvr
994 4124 1123 4180 exeunte,
1147 4114 1187 4168 vel
1198 4135 1240 4168 an.
1254 4130 1401 4170 ncctxxvu
1413 4116 1457 4171 la-

397 4203 494 4260 bente,
509 4215 525 4250 x
535 4205 591 4265 post
602 4192 713 4263 Augusti
721 4194 823 4247 obitum
836 4197 925 4260 anniu3
936 4198 1031 4268 qnippe
1043 4200 1086 4267 qui
1097 4198 1161 4253 obiit
1174 4199 1404 4269 Augustomense,
1413 4219 1458 4255 an.

399 4292 561 4344 ncccxxxu,
571 4275 652 4332 etatis
662 4284 765 4330 sextoet
772 4283 973 4346 qur'rrquesr'mo
981 4298 989 4330 .·
997 4280 1048 4333 rid.
1057 4280 1113 4333 vu.
1125 4280 1204 4334 Plinii
1212 4282 1267 4350 jun.
1276 4279 1309 4335 ad
1319 4278 1441 4335 launcan.
