3159 5134
376 546 442 614 362
622 545 865 614 norma
888 543 1195 612 LITERARIA

372 685 578 780 pandentes,
593 698 628 754 et
644 689 732 753 inter
744 687 863 755 Ovidii
875 700 1029 780 poemata
1041 685 1183 780 posted.
1197 687 1321 754 Veaet.
1345 688 1445 773 1485,

372 807 408 863 et
421 797 634 862 Parmensem
656 792 760 886 1489,
780 796 899 886 sepius
913 794 1083 884 vulgatas:
1101 819 1130 862 1.
1152 794 1260 864 Ulixis
1273 795 1323 861 ud
1337 798 1448 866 Pene-

373 904 470 996 lopen
490 915 498 941 ¹
514 933 524 989 3
544 928 576 970 2.
599 903 861 994 Dernoplzoontrk
882 902 931 969 ad
950 903 1154 996 Phyllidem
1180 904 1213 971 3.
1239 905 1375 971 Paridis
1398 907 1448 972 ad

374 1013 559 1083 OEnonen.
573 1013 651 1080 Nou
662 1012 832 1103 uossugit,
845 1014 1002 1080 vossium
1014 1024 1143 1104 patrem
1151 1064 1161 1095 ,
1179 1015 1216 1079 in
1230 1011 1293 1079 lib.
1312 1012 1446 1106 depoe·

372 1124 416 1189 tis
427 1122 555 1203 latinis,
568 1146 621 1188 eas
633 1121 759 1189 Sabino
772 1120 924 1212 indignas
935 1120 1085 1202 iudicare
1100 1149 1108 1189 ε
1121 1121 1181 1189 sed
1193 1121 1359 1190 malumus
1369 1149 1446 1191 sen·

372 1231 486 1297 teutiae
500 1229 641 1296 aliorum
655 1232 804 1296 virorum
818 1227 995 1296 doctorum
1006 1226 1232 1311 subscribere,
1249 1231 1372 1322 quibus
1388 1256 1446 1324 ge·

374 1338 484 1402 uuinae
500 1335 615 1404 Sabini
632 1335 809 1419 ridentur5
834 1338 871 1401 iu
884 1335 938 1401 his
949 1334 1080 1402 Nicolai
1093 1335 1224 1401 Heiusii
1232 1385 1242 1416 ‚
1267 1340 1328 1429 qui
1344 1342 1445 1406 etiam

373 1449 460 1513 notis
474 1444 664 1512 illustravit.
677 1447 717 1512 lu
731 1444 814 1512 duos
826 1445 930 1514 libros
943 1444 1067 1511 divisas
1079 1445 1195 1526 tuisse,
1211 1444 1317 1513 tradit
1328 1463 1444 1518 auctor

372 1554 479 1635 Vitre,
501 1576 633 1645 quame
650 1552 726 1634 MS.
744 1554 880 1619 Farnes.
901 1551 1010 1619 edidit
1025 1551 1068 1618 N.
1088 1553 1258 1619 Heinsius.

416 1662 645 1731 Heroidnrum
652 1664 915 1754 manuscriptum
924 1659 1074 1728 codicem
1083 1683 1150 1725 non
1162 1661 1446 1729 contemnendum

372 1784 481 1842 servat
497 1769 586 1839 Bibl.
603 1771 767 1838 Gothana.
789 1773 927 1840 Exstant
946 1773 981 1837 in
997 1796 1050 1838 eas
1065 1782 1152 1840 notre
1172 1770 1256 1836 lani
1271 1771 1446 1838 Parrhase

370 1884 528 1965 Romani,
545 1881 650 1950 loon.
666 1881 804 1972 Scopoe,
819 1880 969 1948 Aaronis
983 1879 1132 1955 Batalei,
1147 1881 1314 1971 Baptistae
1324 1880 1446 1972 Egna-

372 1996 425 2074 εὔ,
443 1990 565 2060 lodoci
578 1990 699 2065 Badii,
716 2013 760 2056 ne
775 1988 885 2056 dicam
901 1989 1058 2078 illorum,
1079 1991 1140 2078 qui
1154 2001 1265 2056 totum
1282 1989 1445 2057 Ovidium

370 2100 600 2183 illustrarunt,
620 2112 660 2166 ut
675 2099 822 2191 Gregor.
840 2101 1042 2168 Bormani
1051 2149 1062 2181 ,
1085 2099 1162 2168 lae.
1179 2098 1311 2190 Micylli
1317 2149 1328 2180 ‚
1343 2099 1446 2168 'Her-

369 2210 450 2280 cub's
470 2211 605 2304 Ciofani
620 2222 685 2277 etc.
705 2207 871 2300 Epistolas
891 2207 1081 2278 Heroidum
1095 2206 1212 2275 Ovidii
1228 2208 1380 2300 exemplo
1396 2209 1445 2276 es-

371 2321 496 2389 finxere
511 2321 615 2388 latino
631 2323 776 2388 carmine
792 2319 954 2388 Eobarms
967 2320 1120 2399 Hessos,
1141 2319 1328 2386 Balduisuu
1346 2320 1444 2389 Cabi-

369 2431 492 2511 lavius,
505 2430 563 2499 Jo.
578 2432 762 2506 Meursucs,
771 2442 807 2496 et
819 2432 854 2496 iu
861 2453 1027 2496 sacrarum
1039 2427 1229 2497 Heroidum
1237 2427 1335 2495 libris
1348 2429 1444 2497 Clau-

370 2540 445 2608 ditas
454 2541 655 2631 Espencaeus
663 2563 736 2632 pag.
748 2565 811 2633 99¹
821 2591 829 2607 .
839 2564 1082 2633 sqq..operunr.
1095 2538 1239 2606 Didonis
1251 2538 1294 2605 ad
1305 2542 1443 2608 AEueam

373 2650 521 2743 epistola
547 2648 723 2742 respoudit
746 2651 821 2717 Nic.
846 2651 1019 2732 Heinsius,
1042 2673 1117 2742 pag.
1142 2673 1204 2714 211
1230 2661 1439 2741 poematum

371 2757 521 2832 Phaedra
530 2759 573 2828 ad
581 2761 805 2855 Hippolytum
818 2759 993 2829 Sidi-ouius
1007 2760 1044 2827 S.
1057 2762 1090 2826 J.
1108 2759 1260 2851 Epistola
1276 2758 1383 2827 ulan
1392 2756 1445 2823 ad

373 2868 564 2962 Penelopen
578 2882 700 2962 prteter
715 2893 789 2936 rem
804 2891 866 2960 pro
882 2866 1007 2934 inedita
1019 2865 1218 2940 „venditatur
1235 2869 1271 2931 in
1285 2864 1441 2953 catalogo

373 2976 461 3045 Bibl.
477 2977 662 3043 lectissimae
675 2976 891 3056 Sarraziauae,
909 3000 943 3041 n.
964 2999 1064 3068 '77⁰3
1081 2973 1183 3058 iu·4⁰.
1199 2997 1274 3067 pag.
1298 2974 1371 3066 175.

418 3086 465 3152 ll.
481 3080 646 3150 Amorum
655 3081 730 3150 libri
739 3081 820 3159 III,
835 3085 1010 3150 memorati
1029 3081 1154 3149 Ovidio
1168 3083 1243 3148 Art.
1259 3083 1312 3150 Ill
1321 3132 1332 3163 ‚
1353 3078 1440 3165 343:

538 3268 613 3322 Deve
626 3268 709 3321 tribus
720 3267 805 3334 libris,
818 3266 909 3322 titulus
919 3286 984 3338 qum
994 3269 1078 3340 signet
1089 3270 1221 3323 Amorum
1236 3306 1244 3333 ,

572 3357 664 3428 Elige,
678 3357 748 3429 quod
761 3357 838 3413 docili
851 3358 966 3413 molliter
976 3379 1022 3413 ore
1034 3360 1110 3431 legas.

373 3532 462 3598 Hine
487 3540 581 3622 patet
600 3525 669 3593 salli
692 3528 908 3594 Hermolaum
931 3529 1143 3608 Barbarum,
1172 3529 1230 3618 qui
1251 3525 1323 3594 illos
1339 3524 1442 3594 libros

373 3637 488 3708 laudat
500 3638 562 3705 sub
576 3637 676 3704 titulo
689 3638 847 3730 Corinna.-
860 3635 976 3704 Ovidii
991 3665 1001 3721 3
1016 3635 1069 3702 vel
1084 3647 1252 3701 auctorem
1263 3635 1444 3725 glossarum

372 3760 522 3814 veterum
531 3796 541 3827 ,
563 3769 642 3837 quas
658 3767 753 3811 servo
767 3743 857 3812 MSS
875 3754 908 3808 et
923 3744 1103 3809 Ieremiam
1121 3742 1164 3809 de
1180 3742 1442 3832 Moutagnano,

328 3904 332 3912 .
373 3856 431 3946 qui
446 3858 482 3921 in
497 3855 650 3944 Epitoma
667 3852 847 3944 Sapientiae
859 3851 983 3917 Venet.
1006 3851 1109 3931 1505,
1125 3846 1227 3932 iu-40.
1246 3846 1336 3916 edita
1349 3859 1445 3916 vocat

375 3963 527 4031 Ovidiwn
538 3967 609 4028 sine
621 3961 726 4028 n'ndo.
745 3963 902 4052 Quinque
918 3961 1066 4052 ¹primum
1077 3957 1181 4026 libros
1193 3959 1279 4025 Naso
1292 3956 1385 4023 illius
1397 3981 1447 4022 ar·

404 4149 414 4179 ¹
433 4145 512 4201 Hauc
525 4143 668 4215 Epistolam
681 4163 696 4200 e
708 4144 904 4215 mutuatim,
921 4145 953 4198 lu
967 4162 1021 4213 quo
1034 4144 1093 4198 eins
1106 4142 1218 4197 nomine
1231 4137 1352 4194 ’meris
1369 4138 1446 4193 ont-

373 4215 456 4284 ‹liaaiis
479 4229 601 4298 adjuncta
623 4239 697 4296 erat,
719 4239 840 4284 recenset
860 4239 887 4283 et
904 4227 1017 4285 illustrat
1038 4228 1195 4286 Euanthius
1212 4223 1342 4284 Suum
1368 4228 1446 4281 Aua·

374 4317 432 4372 lect.
447 4318 475 4382 l,
493 4336 528 4368 11.
