3159 5134
354 415 423 501 ⁵46
704 410 1073 479 nlsssncnrio

352 557 399 620 cl.
417 555 565 619 Mennim
588 553 663 613 inter
683 551 809 631 Augusti
825 553 991 624 Nummos,
1010 550 1061 612 seri
1083 550 1199 633 quidem
1220 550 1353 628 incisos,
1377 557 1427 623 sed

351 663 482 728 nondum
495 660 648 744 vutgstos,
669 671 776 722 etcum
792 658 920 741 ejusdem
930 657 1067 741 principis
1085 659 1177 736 capite
1190 659 1408 738 representavit.

389 769 444 829 Vl.
458 767 559 828 Alium
571 766 687 845 insuper
699 765 841 825 Modcano
851 765 1079 826 consentientem
1088 765 1178 827 celeb.
1192 763 1279 827 Joan·
1295 766 1429 829 Vns'llmrt

349 864 530 957 possidehul5
547 892 633 955 quem
649 884 744 933 tamen
756 870 877 949 ipsemet
892 871 1013 949 pessime
1030 870 1072 931 sic
1086 871 1236 950 descripsit
1253 885 1262 910 ¹
1276 895 1284 932 ε
1297 897 1316 928 u
1332 887 1429 937 ΠΟΛ-

351 1011 367 1039 »
388 995 475 1046 mon
486 992 682 1043 norncsior
698 991 899 1041 sennenn.
910 977 1007 1042 Pollio
1015 976 1137 1061 Cupedii
1147 982 1181 1040 F.
1193 979 1428 1056 eumenium,

351 1116 368 1145 s
384 1087 545 1151 Palestinae.
565 1087 660 1165 crpus
674 1085 800 1169 Augusti
816 1085 878 1146 sine
892 1084 993 1146 lanu.
1008 1096 1214 1149 umentem
1229 1100 1428 1149 mensor.

352 1222 369 1250 s
386 1191 688 1257 ldeunnderl’urhesii
699 1190 897 1269 F-Templum
906 1202 975 1253 octo
986 1192 1181 1254 columnarum
1194 1235 1204 1268 ,
1218 1215 1235 1254 a
1249 1192 1356 1255 dextris
1369 1195 1429 1256 Ce-

351 1328 372 1360 n
388 1301 514 1363 ducsens·
526 1327 542 1355 n
554 1299 606 1360 Ad
613 1298 736 1359 eundem
746 1309 885 1377 provocat
896 1298 943 1360 tlt.
952 1300 1141 1380 Sponhenn'us
1151 1299 1182 1359 in
1191 1299 1309 1363 Noviss-
1321 1302 1428 1380 Operis

351 1408 500 1470 dePrsest.
515 1409 604 1468 Num.
617 1417 690 1467 tom.
708 1426 743 1479 r,
760 1426 789 1482 p.
805 1401 864 1479 54,
881 1415 943 1466 not
960 1426 1048 1488 marg.
1062 1404 1130 1466 dum
1143 1405 1174 1465 in
1188 1406 1252 1485 ipso
1269 1417 1352 1467 textu
1365 1407 1428 1468 haec

351 1513 475 1609 scibit:
492 1513 599 1575 Exstat
616 1532 683 1575 sero
699 1515 731 1572 in
748 1511 833 1571 Gaza
851 1512 984 1572 Mediceis
1002 1513 1078 1572 alirn
1094 1513 1190 1573 adhuc
1203 1524 1233 1572 et
1247 1514 1425 1591 singulm's,

350 1623 401 1705 qni
413 1619 499 1700 nujus
515 1618 672 1681 Menandri
688 1615 902 1697 Parrhasiifilis'
916 1618 1012 1679 itidem
1028 1619 1155 1677 meminit
1169 1639 1302 1678 nummus
1319 1641 1330 1677 .·
1350 1620 1428 1702 nuce

350 1729 384 1789 in
395 1725 493 1788 eodem
509 1724 577 1785 urbe
592 1723 725 1785 Canna
736 1734 765 1783 et
776 1723 828 1783 snb
844 1723 973 1803 Augrcsto
987 1725 1118 1785 similiter
1127 1746 1279 1805 percinens
1298 1746 1309 1784 .·
1327 1727 1360 1785 in
1375 1746 1428 1808 quo

351 1834 420 1894 hinc
434 1843 596 1899 nonnius
613 1843 806 1893 nocuerim
819 1843 1031 1905 celeimon,
1050 1829 1148 1892 Pollio
1165 1830 1313 1909 cupedius
1328 1831 1428 1893 cnsa-

351 1940 511 2013 riensium,
529 1960 596 1999 cum
611 1938 736 2017 Augusti
750 1939 865 2021 copite3
886 1939 968 1999 illinc
985 1948 1070 2020 capnt
1088 1938 1257 2011 bammum,
1277 1959 1340 1998 cum
1360 1939 1427 1998 ins-

352 2049 506 2130 cnpn'sne,
523 2059 729 2111 ncnsnoeos
754 2059 941 2121 uersuros,
958 2045 1121 2107 Menander
1135 2045 1297 2106 Parrhasii.
1311 2043 1426 2121 Quibus

351 2155 385 2214 iu
398 2151 492 2219 verbis
507 2152 589 2233 plura
610 2164 680 2213 sunt
698 2163 809 2225 erratu,
827 2164 862 2213 ut
879 2174 914 2214 ex
934 2154 1064 2231 superius
1080 2150 1222 2213 adnotetis
1241 2152 1345 2235 liquet.
1363 2155 1427 2215 Nec

353 2258 471 2320 dubium
484 2271 549 2333 est,
564 2257 636 2341 quin
655 2258 762 2320 ctvn
777 2256 838 2319 stiis
848 2257 963 2340 majoris
980 2258 1121 2320 momenti
1135 2256 1261 2340 negotiis
1276 2258 1427 2323 distractus

353 2388 387 2429 ea
397 2364 553 2429 correxerit
563 2408 573 2441 ,
584 2387 619 2427 ex
628 2365 696 2427 loco
709 2364 739 2425 V
735 2366 862 2427 oillonu'c'
874 2386 930 2427 ase
940 2364 1079 2447 allegato,
1092 2387 1158 2447 quae
1168 2363 1279 2449 legelnt
1290 2366 1323 2427 in
1338 2367 1429 2431 Gnsoe

353 2473 494 2535 Mediceis
506 2473 668 2556 Cstclogo,
683 2493 768 2555 quem
781 2470 856 2551 apud
870 2494 936 2534 cum
947 2471 1052 2551 saepius
1065 2471 1137 2546 vidi3
1150 2474 1176 2533 si
1187 2473 1305 2555 quidem
1317 2475 1429 2555 inspee-

353 2592 418 2642 tnm
428 2579 756 2656 sibiNummumfuisse,
767 2601 829 2640 uon
839 2578 954 2641 indicet.
963 2579 1104 2641 Praetcres
1114 2578 1146 2639 iu
1156 2579 1268 2642 schedis
1278 2581 1432 2663 ipsiusmet

353 2708 387 2750 ex
398 2708 500 2750 sorore
514 2688 648 2767 nepotis,
664 2686 720 2749 riri
730 2685 810 2748 docti
821 2698 850 2747 et
861 2685 980 2767 optimi,
995 2686 1111 2747 Fredcr.
1122 2686 1247 2747 Bonneti
1258 2699 1292 2763 ³,
1310 2688 1429 2766 reperio

356 2787 481 2849 eundem
497 2788 658 2848 Mediceum
672 2789 832 2850 Nummum
851 2784 892 2846 sic
908 2785 1099 2865 descriptum:
1110 2815 1126 2841 «
1138 2797 1351 2849 ΚΔΙΣΑΡΕΩΝΚ
1363 2802 1434 2849 01·-

357 2905 492 2957 ΠΕΔΙΟΣ.
520 2892 591 2975 Cap.
611 2894 688 2973 Aug.
708 2895 745 2953 lu
764 2893 896 2967 Aversa,
925 2892 995 2976 Cop
1021 2894 1171 2955 bethanan
1188 2916 1198 2952 τ
1217 2904 1427 2956 ΜΕΝΔΝΔΡΟΣ

358 3013 576 3064 usercenci.
597 2998 693 3079 Hujus
713 3000 869 3061 Menandri
885 2998 968 3083 [est]
984 3000 1104 3061 Onfflins
1119 3001 1281 3061 Ronmstni
1295 3011 1323 3061 ss
1337 3001 1431 3064 Pollio

357 3108 476 3186 Regina
489 3108 606 3169 Snecioe·
623 3119 809 3169 ΠΔΡΡΑΣΙΟΥ
823 3107 877 3184 ,iu
894 3107 1030 3169 Morellio
1046 3128 1092 3169 me
1108 3107 1213 3170 vidisse
1228 3106 1346 3170 memini
1357 3152 1368 3186 ,
1379 3108 1432 3173 sed

359 3236 426 3275 cum
435 3214 553 3297 templo.
564 3213 654 3277 Unde
666 3213 800 3299 colligere
808 3213 894 3289 licet,
909 3213 941 3274 iu
953 3213 1046 3275 hocce
1055 3214 1194 3277 Mediceae
1204 3213 1291 3278 Ger-‘e
1299 3216 1432 3279 Nummo

359 3321 496 3384 Pollionis
510 3342 617 3382 nomeu
635 3321 712 3383 haud
731 3320 942 3398 comparuisse,
957 3322 1043 3403 idque
1056 3343 1072 3382 a
1086 3322 1132 3385 Cl·
1147 3322 1319 3403 Spcmderncir
1335 3322 1365 3380 in
1380 3343 1433 3383 sun

361 3426 574 3505 descriptione,
599 3439 629 3487 et
646 3428 787 3509 quidem,
808 3439 842 3487 ut
858 3427 938 3500 dixi,
962 3451 997 3489 ex
1018 3428 1193 3502 Vailleutio,
1215 3427 1433 3510 superadditum

359 3552 422 3594 esse
435 3554 444 3603 ς
457 3544 543 3614 etque
558 3533 629 3596 adeo
646 3535 804 3595 Nummum
819 3534 979 3594 Medianum
996 3536 1115 3596 omnino
1130 3556 1226 3614 parem
1243 3534 1325 3597 alteri
1341 3534 1436 3595 Pem-

361 3637 515 3716 dnoln'ono,
529 3652 560 3705 et
575 3640 816 3716 Roudanlniano,
834 3664 884 3703 seu
900 3640 1117 3721 ottoboniano,
1136 3642 1242 3704 fnisse:
1259 3642 1366 3726 quippe
1381 3642 1435 3724 qui

393 3892 404 3923 ¹
422 3889 503 3944 Num.
516 3889 601 3960 Impp.
613 3890 662 3945 Gr.
673 3889 702 3944 in
717 3890 787 3960 Aug.
798 3911 824 3960 p.
837 3892 865 3958 4,
880 3889 922 3945 ed.
935 3891 1021 3945 Amst.

392 4006 406 4036 ²
422 4002 507 4073 Cuius
524 4003 727 4059 humanissimus
745 3998 846 4073 irater,
867 4016 895 4060 et
912 4006 941 4059 in
960 4006 1047 4061 officio
1064 4025 1212 4073 successor,
1233 4004 1304 4061 eud·
1323 4004 1434 4061 schedas

362 4108 468 4144 mecum
479 4090 675 4145 communicare
686 4091 809 4161 dignatus
821 4101 876 4160 est,
890 4110 973 4162 quum
985 4091 1100 4146 Londini
1113 4092 1214 4164 publice
1224 4091 1293 4163 regis
1300 4089 1433 4145 Borussiae

363 4175 469 4246 negotia
478 4184 590 4231 cureret.
