3159 5134
579 541 721 610 VITA.
1152 574 1193 641 77

287 675 343 731 Seu
355 694 439 747 genus
452 675 583 746 excuties,
596 678 698 748 equites
708 677 741 733 sb
752 678 854 749 origine
866 679 950 750 prims
1249 674 1255 687 “

317 766 411 837 Usque
422 787 471 838 per
481 767 636 824 innumeros
647 769 817 824 inveniemur
829 789 898 825 avos.

121 884 363 961 Patrimonium
379 885 460 960 setis
475 884 621 988 amplum
633 887 790 963 habuisse
807 905 955 980 constan
972 889 1064 992 qnod
1078 890 1121 965 ab
1139 919 1196 968 eo·

124 1001 215 1091 dem,
231 1001 268 1075 in
286 1002 415 1090 Ponto,
433 1002 480 1076 sic
495 1002 706 1079 ostenditur:

288 1151 351 1206 Non
363 1168 439 1204 meus
451 1150 557 1206 amissos
569 1151 673 1206 animus
685 1149 919 1223 desideraremus,

322 1244 449 1313 Ruraque
461 1242 572 1314 Peligno
582 1243 766 1314 conspicienda
777 1244 834 1298 solo
846 1263 853 1299 ε

288 1338 345 1392 Nec
357 1355 422 1407 quos
432 1335 570 1406 pomiferis
582 1335 680 1406 positos
690 1334 718 1390 in
732 1336 839 1391 collibus
851 1336 941 1392 hortos

321 1429 427 1499 Spectet
438 1426 576 1483 Flaminia
589 1425 701 1482 Claudia
712 1428 804 1496 iuncta
813 1428 870 1483 rie.

125 1550 207 1623 Item
223 1548 362 1623 domum
382 1575 451 1622 non
475 1545 574 1643 longe
592 1577 611 1622 a
628 1545 797 1649 Capitolio
823 1577 831 1621 :
855 1548 903 1622 ait
925 1549 1012 1625 enim
1038 1551 1074 1624 in
1092 1552 1214 1628 Tsist.'

125 1661 181 1738 lils.
199 1666 235 1753 l,
251 1662 346 1759 Eleg.
367 1681 435 1737 111:

290 1811 371 1865 Hanc
380 1826 430 1880 ego
440 1807 599 1880 suspiciens,
611 1821 639 1864 et
650 1808 683 1864 nd
695 1809 751 1866 hec
763 1808 895 1882 Capitolia
903 1830 1031 1878 cernens,

324 1900 394 1970 Qnse
403 1910 496 1955 nostro
508 1899 605 1956 frustra
617 1903 707 1971 juncta
718 1901 792 1956 fuere
804 1901 861 1956 lari.

128 2023 273 2096 fratrem
291 2037 448 2120 preterea
462 2020 584 2094 habuit
599 2038 680 2094 natu
697 2020 854 2118 majorem
877 2018 1052 2093 duodecim
1074 2024 1199 2096 mensi·

128 2140 212 2228 bus,
230 2155 265 2212 et
289 2136 381 2238 quod
405 2137 527 2211 mirum
552 2153 623 2224 est,
644 2134 778 2223 eodem,
800 2163 867 2236 quo
882 2134 976 2236 ipse,
993 2155 1107 2210 natum
1125 2137 1196 2212 die:

129 2270 268 2352 uterque
278 2252 365 2326 enim
376 2268 496 2353 quarto
512 2249 639 2324 decimo
652 2246 782 2323 kalend.
794 2247 921 2350 Aprilis
936 2247 1198 2353 Minervaeqnin-

131 2366 269 2467 quatriis
283 2384 381 2441 natus
397 2382 467 2454 est;
488 2364 577 2467 qnod
594 2365 641 2439 sic
658 2365 730 2467 ipse
745 2365 781 2438 in
796 2364 899 2439 Trist.
914 2362 972 2439 lib.
991 2367 1051 2455 lv,
1064 2365 1116 2440 ΕΙ.
1134 2388 1156 2441 x
1173 2398 1180 2441 :

293 2514 349 2568 Nee
360 2515 438 2582 stirps
449 2512 534 2583 prime
548 2512 587 2567 tui
598 2554 606 2581 ‚
620 2513 710 2582 genito
721 2531 780 2566 snm
794 2511 876 2566 tratre
887 2522 1003 2578 creatus,

328 2605 385 2675 Qui
397 2605 480 2659 tribus
492 2616 552 2658 ante
567 2615 661 2675 quater
672 2604 806 2658 mensibus
816 2614 890 2657 ortus
900 2616 963 2659 erat.

295 2695 400 2750 Lucifer
412 2694 539 2749 ambobus
549 2695 678 2749 natalibus
690 2694 773 2748 adsuit
783 2694 854 2749 idem
868 2715 874 2749 :

328 2786 391 2840 Una
403 2783 533 2840 celebrata
544 2797 584 2840 est
595 2805 643 2855 per
653 2785 708 2839 duo
719 2785 769 2838 liba
781 2784 845 2838 dies.

296 2878 362 2932 Hsee
372 2888 413 2931 est
424 2876 554 2931 armifera
565 2876 598 2931 de
609 2876 681 2932 iestis
692 2877 809 2946 quinque
822 2875 966 2941 Minerva,

331 2968 402 3038 Qnae
413 2967 472 3022 fieri
482 2987 570 3040 pugne
581 2967 666 3037 prima
677 2978 787 3021 cruenta
798 2967 871 3020 solet.

138 3090 240 3165 Natus
253 3105 305 3164 est
317 3106 427 3163 antem
440 3086 552 3161 Hirtio
568 3104 602 3162 et
614 3087 722 3161 Pansa
735 3114 819 3162 coss.
833 3086 891 3188 qui
907 3083 996 3161 bello
1009 3089 1200 3165 Antoniano

138 3204 224 3306 apud
238 3206 406 3280 Mutinam
422 3204 585 3306 perempti
598 3221 695 3293 sunt,
710 3219 749 3276 ut
763 3204 878 3304 ipsein
891 3204 993 3277 Trist.
1011 3203 1184 3292 1V‚El.x:

298 3352 394 3407 Editus
405 3351 448 3407 tte
458 3370 507 3422 epo
518 3370 593 3413 surm
605 3369 738 3418 necnon,
750 3360 780 3404 ut
795 3360 914 3420 tempora
926 3349 1015 3416 noris,

334 3444 429 3514 Quum
441 3442 536 3499 cecidit
545 3441 600 3496 isto
611 3442 702 3497 consul
717 3452 828 3512 uterque
840 3441 903 3512 pari.

140 3560 251 3658 Quum
263 3580 374 3637 antem
384 3563 500 3636 Rome
509 3589 575 3635 nna
583 3559 764 3635 cumfratre
773 3559 836 3635 sub
848 3559 1036 3635 clarissimis
1051 3575 1086 3635 et
1097 3588 1204 3655 granu

139 3679 263 3753 usaticis
282 3696 315 3750 et
332 3678 521 3752 rhetoribus
543 3676 723 3777 plurimum
740 3676 953 3777 profecisset,
976 3675 1127 3772 tegibus,
1146 3704 1204 3749 co-

139 3811 231 3886 gente
256 3812 371 3894 patre,
391 3793 447 3895 qui
463 3791 679 3867 humanitatis
696 3790 806 3866 studia
827 3789 957 3864 inutilia
975 3816 1046 3865 esse
1062 3810 1204 3867 conten·

141 3906 257 3998 debat,
273 3910 375 4011 coepit
386 3907 594 4003 incumbere,
614 3927 647 3982 et
658 3907 799 4010 proserit
811 3908 958 4003 legibus,
974 3927 1006 3983 et
1020 3909 1206 3988 honoribus

141 4024 273 4103 iunctus
284 4046 352 4103 est:
372 4027 431 4101 sed
443 4056 545 4129 quum
557 4027 668 4100 forum
680 4024 886 4127 displiceret,
901 4027 990 4126 quod
1003 4046 1089 4102 esset
1101 4030 1207 4129 majus

144 4173 225 4222 onus
241 4148 312 4246 ejus
328 4146 472 4232 viribus,
489 4144 602 4219 relicta
619 4144 709 4219 cuma
724 4162 757 4217 et
782 4141 839 4217 tati
867 4143 948 4218 clavi
972 4146 1147 4234 servitute,
1166 4146 1208 4221 ad

145 4263 377 4339 mansuetiores
394 4291 506 4338 musas
523 4261 644 4350 rediit;
670 4279 853 4364 poetasque
875 4288 988 4337 omnes
1010 4260 1100 4336 illius
1128 4280 1210 4336 tem·
