3159 5134
446 460 543 528 PER
568 464 602 530 J.
629 463 858 535 Messon.
1125 496 1187 540 arr

151 604 196 679 El
211 603 286 700 egio
299 629 405 705 porro
418 603 568 703 proxime
580 630 721 706 sequens
739 622 825 699 xm,
840 609 985 684 Nasonis
997 612 1111 699 amali,
1128 612 1194 688 hoc

120 739 186 808 est,
205 741 252 796 xx
266 717 383 794 Martii
397 717 470 803 die,
486 738 614 794 cantata
630 739 703 796 est:

288 884 357 941 Ecce
370 896 562 956 supervacuus,
575 884 639 955 quid
651 885 725 940 enim
736 886 788 941 suit
800 888 863 944 utile
874 888 966 962 gigni?

326 976 370 1031 Ad
381 995 427 1030 sua
438 990 556 1033 narsus
566 987 687 1049 tempora
698 990 789 1034 noster
800 980 881 1035 adest.

292 1066 386 1136 Dore,
399 1066 464 1137 quid
475 1067 509 1121 ad
524 1068 634 1125 miseros
643 1071 766 1126 veniebas
776 1072 870 1127 exsulis
881 1075 986 1130 annos?

325 1157 464 1212 Debueras
475 1158 524 1213 illis
535 1159 688 1231 imposuisse
700 1161 812 1219 modum
822 1202 830 1231 ‚
842 1173 892 1219 eto

127 1323 165 1369 er
182 1293 327 1396 quibus,
343 1292 395 1365 nti
408 1291 693 1394 decernentibus,
712 1293 812 1369 simol
822 1311 928 1396 patet,
942 1295 1032 1373 hunc
1049 1326 1119 1374 esse
1130 1303 1199 1407 pri·

127 1441 216 1489 mom
230 1411 385 1497 rualem,
402 1438 502 1512 qoem
519 1410 662 1486 Ovidius
677 1411 711 1485 in
727 1412 836 1486 exsilii
853 1412 929 1489 loco
953 1415 1175 1493 celebraverit.

175 1527 312 1606 Silenda
328 1556 406 1605 vero
420 1527 475 1602 hic
491 1556 559 1602 non
576 1545 627 1602 est
642 1526 787 1616 Perelio,
809 1530 862 1605 cui
877 1531 992 1629 Elegia
1009 1553 1063 1608 v11
1079 1536 1202 1611 inscri-

128 1642 230 1720 bitur.
257 1646 341 1719 Eam
367 1639 522 1717 nonnulli
547 1659 711 1744 putarunt
737 1643 852 1719 Ovidii
862 1645 972 1745 fidens
992 1674 1085 1736 esse,
1110 1650 1203 1751 qood

128 1788 209 1835 vers.
235 1756 279 1830 18
294 1757 329 1830 in
345 1755 540 1852 vulgaribus
555 1756 760 1831 editionibus
775 1775 876 1860 poeta
891 1758 932 1832 de
948 1787 984 1834 se
1000 1761 1144 1838 scribet:

295 1921 387 1992 thue
398 1931 473 1989 pater
484 1932 569 1988 nate,
582 1919 687 1991 duxque
698 1939 838 1990 comesque
851 1919 899 1974 sui.

131 2065 177 2137 At
188 2060 269 2136 licet
281 2058 368 2133 hanc
380 2056 599 2159 probaremus
611 2055 806 2144 lectionem,
825 2084 997 2157 possemus
1011 2077 1119 2136 tamen
1129 2092 1206 2140 cnm

131 2179 214 2252 Tan.
229 2173 343 2249 Fabro
357 2180 365 2211 ¹
380 2169 428 2245 sic
440 2172 603 2244 Nostrum
613 2168 838 2271 interpretari,
857 2188 896 2244 ut
909 2170 975 2245 hoc
985 2174 1087 2251 modo
1101 2176 1206 2274 signi·

132 2292 225 2382 ficet,
247 2317 282 2365 se
299 2286 455 2362 nimirum
471 2283 600 2361 Perillae
617 2285 727 2383 studia
744 2285 806 2381 (de
825 2286 948 2389 qnibns
965 2291 1142 2391 saperius)
1156 2294 1207 2368 so-

133 2412 236 2499 visse3
261 2435 297 2484 se
314 2404 364 2481 illi
380 2403 514 2492 itidem,
534 2422 573 2478 ut
588 2422 701 2506 patres
717 2402 845 2493 solent,
864 2405 981 2485 docem
998 2427 1032 2484 et
1050 2412 1206 2489 comitem

134 2528 173 2602 ad
189 2522 346 2630 praeclara
363 2520 473 2596 studia
486 2521 606 2596 nitenti
621 2520 733 2597 fuisse.
753 2522 882 2596 Deinde
892 2523 1019 2599 variant
1027 2526 1205 2605 admodum

32 2704 37 2714 .
134 2643 323 2730 codols&
335 2659 369 2715 et
377 2639 452 2714 loco
459 2655 552 2740 poter
561 2655 660 2728 nasa,
678 2658 825 2743 quatuor
837 2641 978 2731 habent,
991 2661 1085 2745 poter
1096 2676 1206 2737 πωπω

136 2763 289 2850 totidem,
308 2776 400 2861 utque
414 2773 504 2859 polet
524 2785 640 2845 areret,⁴
662 2756 718 2832 alii
739 2758 855 2846 aliter,
873 2778 1011 2836 notante
1028 2762 1069 2839 cl.
1093 2765 1204 2842 Nicol.

135 2880 285 2957 Heinsio.
304 2878 466 2951 Praeterea
480 2874 565 2949 nihil
581 2893 633 2950 est
645 2875 768 2950 totoin
786 2877 949 2965 carmine,
967 2879 1061 2980 qnod
1079 2879 1129 2955 rel
1151 2883 1208 2957 in-

135 3026 235 3073 nuere
260 2993 389 3097 possit,
412 2993 561 3068 Perillam
579 2991 702 3066 hancce
719 2992 822 3068 fuisse
836 2993 979 3069 Nasonis
994 2993 1116 3084 filiam,
1134 3026 1208 3099 qnae

135 3143 210 3190 cum
227 3139 291 3186 sno
309 3110 448 3209 conjuge
463 3109 498 3182 in
515 3106 629 3182 Africa
646 3108 726 3195 fuit,
745 3137 849 3209 quum
865 3111 988 3185 Noster
1002 3139 1091 3186 anno
1107 3140 1208 3214 sope-

135 3231 221 3305 riore
239 3227 281 3302 ad
298 3225 397 3301 finem
414 3243 568 3321 vergente
581 3224 615 3298 in
627 3222 779 3299 exsilium
791 3224 918 3313 abiret;
937 3244 970 3300 et
982 3255 1055 3328 quae
1068 3228 1207 3328 proinde

136 3350 190 3423 vix
205 3345 357 3450 potnerit
376 3342 443 3416 hoc
469 3359 617 3445 tempore
639 3343 757 3415 Romae
778 3341 892 3416 sedere
916 3341 1003 3417 dulci
1020 3371 1087 3418 cum
1112 3362 1208 3420 matre

135 3471 246 3567 (vers.
263 3460 335 3556 3),
353 3488 452 3562 quam
468 3459 566 3534 etiam
583 3475 683 3559 poeta
699 3485 741 3531 ne
757 3459 860 3532 verbo
878 3458 1012 3560 quidem
1025 3488 1082 3535 ceu
1100 3491 1208 3537 caram

134 3586 189 3660 sni
207 3579 383 3678 conjugem
401 3574 534 3651 salutat.

187 3700 229 3770 V.
267 3696 342 3768 Hoc
363 3691 488 3794 pariter
513 3717 602 3766 anno
627 3690 740 3793 potuit
759 3689 839 3763 liber
861 3688 986 3785 scribi,
1017 3690 1071 3764 coi
1087 3691 1206 3769 titulos

133 3818 226 3901 1815,
241 3838 282 3886 ex
293 3809 371 3884 ficto
384 3807 541 3882 nimimm
552 3805 644 3881 illius
659 3805 720 3880 viri
734 3807 886 3895 nomine,
905 3834 1004 3908 quem
1015 3832 1054 3881 eo
1065 3807 1207 3884 carmine

133 3932 294 4014 devoret,
312 3925 405 4028 qnod
420 3924 536 4021 lingua
550 3926 711 3999 Nostrum
729 3922 867 4026 ejusque
885 3922 1059 4022 conjugem
1075 3924 1209 3999 morde·

134 4063 205 4133 ret,
223 4061 264 4119 ut
276 4042 402 4116 indicat
417 4067 503 4116 vers.
527 4038 647 4112 11·16.
665 4039 799 4115 Etenim
816 4039 864 4114 sic
881 4037 1034 4116 orditur:

171 4244 182 4276 ¹
203 4240 263 4295 Lib.
275 4240 306 4308 1,
323 4238 406 4309 Epist
417 4254 533 4292 nxrru.
610 4316 611 4319 Ἴ
