3159 5134
367 537 408 608 7²
456 514 497 579 Ρ.
534 512 710 581 OVIDII
738 510 963 580 NASONIS
993 510 1333 582 FRAGMENTA.

409 657 451 728 lu
473 653 586 728 codice
609 653 853 756 poematiorum
882 670 1027 731 veterum
1055 651 1154 748 longe
1174 652 1435 755 antiquissimo,

364 806 460 879 quem
484 777 574 879 apud
593 778 635 848 V.
661 777 700 852 C.
724 778 861 851 Petrum
886 776 1083 851 &rivarium
1099 775 1187 864 vidi‘,
1219 775 1342 852 ovidio
1369 776 1435 851 bne

361 901 562 1001 epigramma
577 898 741 974 ineditum
758 899 1034 976 adscribebatur:

524 1076 586 1130 Jam
600 1073 715 1128 nitidum
727 1072 831 1142 liquidis
842 1072 956 1128 Pboebua
966 1074 1043 1142 iubar
1054 1071 1143 1127 intulit
1157 1070 1255 1139 undis,

559 1166 705 1220 Emeritam
718 1184 849 1219 renovans
863 1164 981 1237 Tethyos
994 1183 1073 1218 amne
1085 1164 1181 1217 lacem.

529 1257 607 1311 Antra
618 1256 688 1311 subit
700 1256 782 1311 niveis
793 1255 892 1310 Pboebe
905 1256 1027 1310 subvecta
1039 1255 1171 1326 juvencis,

558 1347 633 1402 Mitis
644 1359 671 1401 et
684 1347 799 1402 ethereo
814 1347 910 1401 labitur
920 1366 965 1402 axe
977 1367 1064 1417 sopor.

528 1434 670 1492 Adludunt
681 1439 766 1494 teneri
780 1439 899 1493 tremulis
912 1459 974 1494 eum
987 1438 1113 1493 matribus
1125 1439 1203 1510 agni,

559 1529 744 1600 Latteolarque
758 1530 860 1587 anima
873 1531 971 1586 lacteus
982 1531 1082 1585 humor
1092 1531 1145 1587 atie

366 1701 406 1772 In
421 1699 536 1773 eodem
547 1697 659 1772 codice
670 1718 864 1795 argumenta
875 1696 1039 1775 libromm
1048 1696 1308 1795 Virgilianomm
1318 1713 1438 1772 nosue

365 1823 462 1903 etiam
484 1823 784 1915 adscribebantur,
810 1844 850 1900 ut
869 1825 952 1899 etin
969 1823 1084 1900 multis
1102 1822 1175 1899 aliis
1193 1822 1438 1927 exemplaribus

363 1946 522 2035 vetustis,
544 1977 617 2049 qnae
634 1947 702 2021 vidi
717 1978 725 2021 :
741 1948 800 2023 sed
814 1977 994 2051 perperam.
1011 1948 1166 2051 Denique
1184 1949 1219 2022 in
1238 1947 1375 2049 antiquo
1394 1944 1438 2019 li-

364 2068 428 2144 bro
441 2070 577 2168 Georgii
592 2071 752 2160 Fabricii,
771 2073 837 2147 boc
854 2072 1054 2175 epigramma
1069 2072 1110 2147 de
1121 2071 1275 2147 Lucretia
1290 2068 1437 2147 Nasonis

362 2219 485 2267 nomen
503 2193 715 2267 ostentabat:

527 2366 623 2433 Quum
633 2364 739 2419 foderet
749 2363 822 2418 ferro
831 2375 932 2421 matum
943 2364 1065 2423 Lucretia
1077 2376 1186 2437 pectus,

559 2456 702 2526 Sanguinis,
714 2467 741 2509 et
753 2468 856 2510 torrens
868 2455 1052 2526 egrederetur,
1071 2456 1106 2511 ait
1117 2476 1123 2510 ε

529 2546 679 2602 Prooedanr
692 2552 770 2602 teatbs
785 2567 828 2602 me
842 2567 896 2602 non
909 2547 1033 2618 placuisse
1044 2558 1176 2622 tjranno,

560 2638 632 2693 Ante
643 2639 732 2693 airum
741 2639 866 2707 unguis,
880 2639 986 2708 spiritus
997 2651 1059 2694 ante
1070 2639 1151 2694 Deua.

364 2808 431 2883 Sed
445 2809 511 2909 jam
528 2807 607 2883 satia
624 2838 632 2881 ε
647 2837 724 2887 nam
741 2808 816 2884 illas
833 2809 1295 2913 ineptissimommbominnm
1314 2810 1356 2885 de
1367 2811 1437 2886 Pu-

364 2930 448 3022 liee,
468 2931 671 3021 Philomela,
692 2932 797 3007 ethis
814 2932 1053 3031 simileanugas
1071 2932 1147 3035 quia
1159 2932 1281 3007 ovidio
1293 2934 1437 3008 adscribi

363 3054 527 3157 patienter
543 3074 601 3130 aut
614 3084 709 3156 aequo
726 3057 836 3130 animo
854 3056 967 3132 ferat?
991 3058 1132 3131 Carmen
1149 3056 1244 3130 etiam
1261 3057 1436 3159 panegyri-

365 3204 440 3254 cum
458 3178 499 3253 ad
515 3178 670 3255 Pisonem
686 3178 728 3255 ad
743 3177 808 3254 alia
823 3178 889 3280 jam
906 3196 1012 3256 castra
1024 3179 1098 3280 jure
1114 3180 1241 3284 optimo
1255 3179 1417 3255 transivit.

675 3496 777 3543 attus
798 3496 1123 3545 FRAGMENTOBUM.
