3159 5134
459 597 555 664 uun
579 598 612 665 J.
638 597 867 667 stessou.
1157 627 1196 695 9¹

177 739 360 824 Attamen,
378 735 470 836 quod
486 737 581 837 prius
596 736 685 812 haud
701 737 853 814 invalidis
870 738 1085 840 probaveram
1101 767 1200 838 argu·

131 854 270 941 mentis,
284 852 321 926 id
336 853 448 954 ipsum
461 852 599 928 biennio
614 853 744 929 circiter
757 871 838 955 post
851 854 934 929 meis
951 854 1055 931 oculis
1070 857 1204 935 demon·

132 969 245 1044 stravit
261 969 403 1071 ipsemet
415 997 569 1046 nummus
580 970 696 1045 Roma
705 970 892 1073 inspectus,
908 987 941 1045 et
952 969 1126 1068 diligenter
1135 992 1203 1050 tra-

134 1100 239 1157 ctatus
258 1080 405 1157 :seilicet
431 1083 546 1158 eodem
571 1085 727 1186 primitus
750 1087 860 1161 thll
888 1114 1010 1161 nomen
1036 1088 1202 1183 signatum

134 1194 252 1284 fuisse,
276 1224 347 1271 non
364 1186 450 1271 'vero
477 1198 608 1272 Ovtnll
632 1201 800 1274 NASONIS·
824 1200 929 1298 Quod
945 1200 1001 1275 hic
1017 1201 1203 1292 monuisse,

136 1312 339 1400 satissuerit,
352 1341 455 1416 quum
466 1311 651 1411 longiorem
659 1315 720 1390 hac
733 1315 820 1391 dere
832 1315 1098 1419 disquisitionem
1112 1320 1205 1421 operi

133 1428 295 1529 praefixam
311 1428 418 1504 lector
432 1428 562 1504 habeat

177 1548 221 1620 ll.
232 1545 436 1622 Nominibus
447 1565 554 1649 poetae
563 1548 605 1622 N.
621 1546 852 1648 subjungenda
864 1548 954 1623 venit
966 1549 1036 1649 ejus
1052 1567 1200 1640 mult,

135 1682 170 1738 ut
186 1665 361 1767 ipsiusmet
377 1665 571 1741 methodum
586 1693 780 1767 sequamur:
796 1694 888 1741 suam
904 1668 990 1780 enim
1004 1669 1104 1744 vitam
1121 1668 1200 1771 pin-

136 1806 232 1874 gens,
253 1779 301 1855 sic
316 1778 468 1868 orditur,
486 1780 589 1855 Trist.
607 1778 667 1855 lib.
685 1783 744 1869 lv,
764 1780 859 1877 Eleg.
874 1802 920 1856 x:

296 1926 344 1982 Ille
357 1946 423 1998 ego,
436 1929 481 1999 qui
492 1928 607 1996 fuerim,
621 1940 776 1984 tenerorum
787 1928 860 1983 lusor
870 1947 1008 1997 amorum,

331 2017 424 2087 Quem
434 2018 512 2089 legis,
525 2029 556 2072 ut
568 2019 657 2086 noris,
672 2019 779 2089 accipe,
793 2020 937 2088 posteritas.

297 2107 397 2163 Sumo
412 2108 478 2162 mihi
490 2110 603 2164 Perua
612 2119 668 2170 est,
682 2108 771 2180 gelidis
785 2110 935 2165 uberrimus
947 2110 1039 2179 undis,

335 2198 420 2253 Millia
431 2200 476 2270 qui
487 2200 578 2254 novies
590 2199 668 2254 distat
681 2201 713 2255 ub
725 2200 801 2256 Urbe
812 2200 912 2254 decern.

296 2289 392 2345 Editus
400 2290 443 2346 hie
455 2310 505 2363 ego
518 2309 586 2345 eum.

137 2405 224 2481 nen
243 2401 1203 2511 crunnus,tin.1v‚·vs.7so1,usuur,simulque
1231 2385 1234 2390 ’

137 2522 248 2623 patriae
266 2521 472 2597 conditorem
487 2522 614 2599 indicat
627 2523 785 2631 Suffenum
805 2534 813 2564 ¹
831 2581 841 2615 ,
861 2526 918 2627 qui
933 2543 1027 2627 capta
1039 2527 1141 2628 Troja
1154 2558 1206 2603 eo

137 2638 271 2724 mitatus
287 2655 338 2714 est
352 2638 526 2713 Alincum:

298 2787 387 2856 Hujus
401 2797 458 2841 erat
468 2786 603 2843 Sumus
616 2787 732 2861 Phrygia
743 2807 832 2842 comes
843 2788 915 2842 exsul
928 2789 960 2843 ub
972 2788 1035 2844 lda:

335 2879 361 2933 Α
373 2898 426 2948 quo
438 2877 585 2934 snnuonn
598 2879 807 2933 montanorum
819 2878 926 2934 hebent.

299 2968 448 3024 Summus
459 2968 537 3039 gelidi
548 2970 656 3040 patrie,
678 2969 836 3024 Germanice
848 3010 856 3038 ,
872 2979 977 3025 nostre.

137 3088 295 3163 Eamdem
312 3086 407 3160 urbis
420 3087 582 3183 originem
595 3086 694 3161 Silius
709 3087 842 3162 Italicus
853 3105 949 3162 notat
959 3086 1018 3162 lib.
1032 3091 1082 3164 lX
1094 3087 1134 3162 de
1147 3087 1204 3162 Su-

138 3206 207 3279 tn'co
222 3203 388 3307 loquens,
405 3203 474 3278 cive
494 3201 731 3278 sulmonense:

299 3352 373 3407 Huic
385 3351 497 3419 domur,
510 3362 537 3404 et
550 3350 650 3422 gemini
661 3349 768 3404 fuerant
777 3352 894 3405 Sulmone
903 3349 986 3406 relicti

300 3443 395 3496 Matris
406 3442 434 3495 in
443 3441 567 3496 uberibus
576 3439 648 3504 nati3
661 3441 818 3509 Mancinus,
831 3451 923 3495 etune

298 3533 415 3589 Nomine
429 3532 534 3588 Rheteo
544 3535 676 3606 Solymus:
686 3550 750 3587 nam
762 3530 888 3586 Dardarla
899 3531 991 3602 origo,

297 3625 333 3680 Et
347 3625 463 3697 Phrygio
474 3644 558 3695 genus
571 3644 586 3680 a
597 3643 712 3696 proavo,
728 3624 773 3695 qui
785 3635 887 3693 sceptra
894 3633 999 3678 secutus

205 3767 207 3772 ,
297 3716 393 3772 AEnete
403 3720 499 3771 claram
513 3717 596 3772 muris
606 3716 764 3771 fundaverat
776 3719 875 3780 urbem,

302 3807 343 3862 Ex
353 3828 409 3863 sese
421 3808 520 3862 dictam
532 3807 686 3874 Somou,
696 3805 826 3861 celebrata
836 3804 952 3860 colonis:

301 3897 368 3952 Mox
382 3897 453 3953 ltalia
464 3897 590 3969 paulatim
601 3898 692 3954 attrito
703 3897 814 3951 nomine
825 3899 918 3952 Sulmo.

137 4015 218 4115 Ejus
235 4016 359 4104 situm,
387 4014 607 4092 amenitatem
632 4013 902 4117 fertilitatemqne
920 4015 1075 4117 graphice
1092 4031 1205 4088 noster

169 4192 179 4223 ¹
196 4189 229 4244 ln
241 4188 359 4245 nummis
370 4189 449 4245 etiam
462 4189 691 4245 Termessensium
707 4190 821 4244 oceumit
833 4198 1002 4257 Komtox,
1022 4189 1093 4243 velut
1111 4207 1206 4242 eorum

138 4275 259 4345 antiquus
272 4274 351 4331 lueret
362 4287 390 4330 et
402 4274 531 4332 conditor,
550 4274 613 4330 vid.
630 4273 678 4330 CL
690 4275 833 4346 Spanlrem.
849 4275 918 4332 Dias.
929 4276 962 4330 de
975 4277 1066 4331 Prest.
1075 4274 1207 4329 Numiem.
1260 4315 1261 4318 ,

137 4378 163 4428 p.
173 4363 237 4435 479,
253 4359 316 4416 edit.
326 4359 405 4429 in·4⁰.
417 4371 443 4416 at
453 4380 511 4433 pag.
523 4360 572 4415 563
583 4360 646 4418 edit
657 4379 765 4432 nupera
773 4361 862 4416 indul·
