3159 5134
334 524 400 608 248
634 518 900 588 HERCULIS
924 514 1149 587 CIOFANI

387 686 390 689 >
495 660 560 714 Mos
570 658 641 713 italis
652 660 777 728 paulatim
789 659 889 713 adtrito
898 659 1008 712 nmine
1018 658 1131 712 Sueto.

496 745 534 799 At
544 762 627 814 quum
639 742 778 796 barbaricis
789 742 906 797 Satricus
915 761 977 796 enm
989 760 1051 811 rege
1063 740 1173 795 annis

497 827 647 891 Advectos,
657 844 711 894 qrso
723 844 778 879 non
789 836 907 894 spretum
920 826 957 891 (si
969 836 1089 895 posceret
1100 821 1181 892 usus)

496 910 610 965 Noerere
622 908 725 963 Getulis
736 910 822 963 Latias
834 908 980 980 interprete
993 927 1085 963 voees:

497 993 637 1060 Postquam
649 1010 724 1061 posse
736 991 828 1046 elatum
841 991 950 1061 Peligna
961 992 1076 1045 revisere
1089 1000 1176 1054 tecta,

497 1077 533 1131 Et
543 1078 657 1147 patrium
664 1096 769 1146 sperare
785 1077 869 1132 larem
881 1116 887 1127 .
898 1114 905 1128 .
915 1119 920 1128 .
940 1088 968 1131 et
976 1097 1030 1147 qu
1042 1085 1184 1146 reymest.

335 1213 386 1283 Ex
402 1237 469 1311 qno
485 1207 673 1306 colligimus
691 1208 885 1284 Sulmonem
903 1208 1075 1284 eonditum
1099 1236 1171 1285 esse
1195 1224 1269 1281 ante
1286 1207 1404 1281 urbem

337 1330 476 1402 Romam
494 1355 600 1401 annos
615 1327 744 1401 circiter
760 1324 856 1403 ccicc.
881 1327 1021 1428 Accipio
1045 1345 1156 1401 antem
1172 1328 1315 1400 Romam
1337 1324 1408 1397 ori·

336 1444 445 1540 ginem
458 1444 591 1519 duxisse
602 1473 620 1518 a
631 1443 850 1543 Trojanis‚nt
862 1443 986 1517 indicat
997 1442 1189 1529 Sallustius,
1200 1439 1402 1518 aenonnulli

337 1555 392 1631 alii
413 1575 573 1631 auctores.
592 1558 745 1632 8οΠΜο
762 1575 872 1632 autem
891 1559 1041 1632 AErtssss
1056 1555 1157 1630 filiam
1177 1583 1313 1630 uxorem
1332 1571 1402 1628 tra-

341 1670 449 1744 didit:
470 1688 614 1770 quatuor
633 1673 721 1746 enim
738 1670 841 1747 fuisse
861 1673 974 1747 AEneae
990 1670 1074 1746 filias
1090 1667 1249 1767 legimus3
1266 1670 1409 1771 primam

338 1788 375 1860 in
383 1786 540 1876 Thracia,
551 1785 686 1862 alteram
694 1786 729 1861 in
741 1786 979 1889 Peloponesio‚
991 1786 1278 1885 tertiaminEpiro
1285 1802 1409 1886 nuptas

339 1903 493 2006 reliquit;
507 1922 657 2006 quartam
671 1934 748 1980 vero
760 1904 912 2006 Solymo,
926 1904 985 2008 qui
997 1932 1108 1980 seeum
1120 1903 1248 2003 eTroja
1256 1919 1407 1990 venerat,

344 2018 478 2094 tradidit
493 2051 500 2093 :
515 2021 621 2095 vietor
630 2038 747 2122 postea
760 2023 796 2095 in
805 2022 903 2097 Latio
917 2021 1088 2123 Solymum
1100 2048 1176 2095 oum
1187 2037 1282 2122 parte
1293 2018 1412 2120 eopia·

340 2163 415 2207 rum
436 2134 476 2208 ad
503 2136 634 2209 Marsos
656 2136 765 2224 misit,
789 2136 848 2238 qui
869 2136 987 2211 urbem
1011 2135 1046 2210 in
1072 2134 1218 2230 Pelignis
1243 2133 1406 2208 fundavit.

342 2252 456 2324 Unum
465 2278 503 2323 ex
512 2249 898 2351 splendidissimisltaliae
906 2251 1308 2353 municipiislisitntexlr.
1317 2247 1409 2323 Flnri

343 2367 470 2453 verbis,
489 2395 561 2468 quae
573 2368 658 2449 infra
670 2396 805 2470 ponam,
820 2370 994 2472 perspicue
1005 2369 1151 2471 adparet.
1165 2371 1216 2443 De
1229 2365 1407 2453 Sulmone,

346 2480 385 2554 de
401 2483 472 2579 ejus
489 2483 575 2572 situ,
594 2512 691 2585 quem
705 2514 793 2567 nune
810 2515 943 2588 quoque
956 2485 1054 2588 plane
1068 2485 1184 2573 refert,
1200 2485 1306 2586 (leque
1322 2511 1412 2559 eam-

344 2623 465 2694 porum
481 2615 620 2686 natura,
638 2625 676 2670 ae
691 2598 858 2677 fertilitate
871 2601 918 2673 ita
932 2603 1072 2690 Noster,
1089 2600 1165 2674 Am.
1183 2601 1236 2685 ll,
1256 2616 1341 2686 tvl,
1364 2622 1378 2668 1
1397 2625 1406 2667 ε

509 2754 557 2808 Me
571 2774 630 2824 pars
642 2756 736 2825 Sulmo
750 2768 824 2811 tenet
836 2757 939 2827 Peligni
951 2757 1028 2811 tertia
1039 2756 1124 2824 ruris,

539 2837 640 2902 Parva,
657 2836 702 2891 sed
716 2838 819 2907 irriguis
830 2857 877 2891 ora
889 2838 998 2892 salubris
1008 2839 1089 2907 aquis.

507 2914 553 2969 sot
567 2915 628 2970 lieet
639 2917 745 2971 adntoto
759 2917 879 2970 tellurem
891 2918 977 2971 sidere
990 2917 1091 2986 findat,

542 2998 578 3053 Et
589 2998 669 3055 micet
681 2992 756 3054 Icarii
768 2998 841 3053 stella
853 3009 975 3069 proterva
986 3000 1076 3066 osuiu

510 3079 583 3133 Arva
593 3092 763 3149 pererrantur
774 3080 883 3151 Peligna
895 3080 1054 3151 liquentibus
1065 3080 1158 3146 nudis,

545 3162 580 3218 Et
592 3163 659 3217 viret
670 3164 697 3217 in
711 3173 803 3217 tenero
814 3163 904 3219 ser-tilis
915 3165 998 3220 herba
1010 3165 1076 3220 solo.

511 3246 597 3300 Terra
608 3246 681 3301 seras
696 3246 818 3313 Cereris,
830 3249 965 3318 multoque
976 3250 1089 3304 feracior
1101 3250 1176 3317 uvis,

543 3330 598 3385 Dat
608 3350 713 3402 quoqne
725 3331 881 3388 baeeisersm
892 3334 999 3389 Pallada
1006 3355 1081 3390 rarus
1098 3355 1168 3406 ager.

511 3415 616 3484 Perque
631 3427 798 3487 resurgentes
811 3417 873 3472 rivis
885 3418 1030 3475 labentibus
1040 3420 1134 3474 berbas

546 3498 706 3557 Gramineus
717 3501 850 3556 madidam
861 3522 949 3574 cespes
960 3504 1099 3558 obumbrat
1113 3505 1234 3557 humum.

350 3629 485 3704 Positus
499 3646 550 3703 est
565 3628 679 3704 Sulmo
692 3630 727 3703 iu
741 3629 850 3704 medio
868 3629 934 3706 sere
947 3629 1096 3732 planitiei
1111 3651 1161 3706 ΧΗ
1175 3631 1304 3707 milliar.
1320 3659 1416 3705 mon-

351 3742 442 3817 tibus
456 3742 673 3832 ciroumdatae‚
685 3742 890 3845 quaealieubi
900 3743 943 3817 ad
952 3744 1014 3818 tria
1024 3801 1034 3832 ‚
1046 3744 1169 3821 alicubi
1180 3773 1259 3820 vero
1269 3744 1311 3820 ad
1323 3745 1418 3846 quin·

353 3886 417 3958 que
435 3856 536 3930 millia
551 3887 709 3959 passuum
726 3860 761 3934 in
776 3858 982 3934 latitudinem
996 3861 1200 3947 extenditur3
1222 3878 1319 3962 atque
1333 3860 1419 3932 inter

353 3974 438 4047 duos
457 4002 586 4063 amnes,
612 4005 754 4077 quorum
772 3974 873 4065 alter,
892 4004 992 4077 quem
1014 3995 1139 4051 veteres
1161 3975 1312 4077 Giptium
1333 3974 1418 4075 (qui

354 4118 391 4164 ex
407 4090 526 4163 Auleiu
539 4119 644 4191 aqua,
661 4119 733 4192 quae
749 4109 863 4192 postea
878 4093 998 4166 Martia
1009 4091 1097 4167 dicta
1108 4109 1175 4180 est,
1194 4094 1345 4184 emanat)
1359 4117 1417 4161 ro-

354 4234 463 4294 cusse,
481 4205 579 4281 multi
597 4206 745 4295 tradunt,
763 4206 804 4279 ab
823 4208 1001 4308 Apennino
1016 4209 1136 4309 (eujus
1147 4237 1238 4309 pars,
1256 4207 1419 4310 quadrato
