3159 5134
463 528 515 596 IN
540 528 718 599 ovlml
742 531 865 598 IBIN.
1155 534 1197 602 fit

123 697 201 744 nam
216 686 249 745 et
260 668 508 771 Aristophanes
522 671 558 742 io
570 668 897 770 AribnsLycsrgsm
909 669 982 744 lbin
997 673 1199 762 nominavit,

125 801 301 884 propterca
314 783 407 884 qood
421 801 580 877 gcomeet
591 772 930 888 moribnslligyptius
940 805 1040 873 esset,
1054 806 1093 861 ut
1106 807 1199 863 retus

126 898 369 1002 Aristophanis
385 898 578 975 scholiastes
596 901 740 1001 exponit.

506 1234 713 1337 CAPUT
747 1236 822 1320 IV.

188 1446 278 1486 1111>ss
290 1448 392 1486 stom
403 1447 588 1487 comeam
602 1448 816 1499 ranolsn'tm,
836 1448 928 1487 Pollu
946 1446 1131 1487 COMPBMUM.

126 1556 360 1664 NASCITUR
378 1618 437 1665 sua
457 1607 579 1691 sponte
594 1588 782 1664 obscuritas
793 1589 917 1664 existis
934 1590 1137 1690 privatarum
1152 1622 1199 1666 rc·

125 1730 195 1775 rom
219 1702 395 1791 historiis,
414 1702 539 1804 quibus
564 1702 662 1778 etiam
685 1705 775 1777 Naso
803 1704 913 1779 dedita
930 1733 1031 1805 opera
1047 1707 1198 1781 tenebras

125 1817 290 1905 effundit,
305 1836 344 1891 ut
357 1817 498 1893 arduum
508 1819 571 1904 sit,
589 1836 654 1893 tam
670 1819 780 1897 densis
792 1819 925 1897 nebulis
937 1822 1006 1897 veri
1020 1824 1197 1899 scintillam

126 1930 325 2032 exsculpere.
344 1934 418 2027 Ego
437 1950 566 2019 tamna,
583 1934 715 2037 incusso
732 1933 773 2006 ad
791 1932 885 2007 illum
910 1936 1123 2011 tenebricosa
1145 1967 1198 2011 ve».

129 2051 262 2124 tostatis
280 2036 412 2151 pyriten
429 2050 586 2151 chalybe,
606 2079 677 2123 non
694 2050 892 2124 mediocrem
908 2050 1015 2127 lucem
1031 2033 1200 2157 expresso

125 2194 196 2240 rum
214 2193 269 2239 me
286 2165 427 2241 coolrdo.
446 2166 532 2253 Sed,
549 2183 725 2265 mitequam
742 2168 937 2243 sententiam
957 2198 1072 2264 roger,
1088 2200 1197 2273 opera

42 2347 48 2360 .
125 2283 269 2383 pretium
282 2301 332 2356 cst
344 2300 484 2356 veterem
497 2284 747 2378 grammaticum
759 2284 891 2371 audire,
906 2287 979 2387 qui,
993 2305 1076 2362 teste
1090 2288 1196 2363 Ccelio

125 2400 340 2495 thodigim,
356 2400 468 2500 Antip.
488 2401 576 2475 laect.
593 2400 653 2475 lib.
670 2402 768 2487 XIll,
787 2429 858 2503 cap.
878 2429 913 2491 1,
929 2403 1111 2478 Corvinum
1127 2432 1197 2480 esse

124 2517 294 2618 prodidit,
313 2545 411 2617 quem
421 2517 477 2621 hie
485 2519 574 2592 Naso
586 2515 654 2592 sale
665 2535 697 2591 ct
704 2516 814 2591 resina
824 2517 992 2592 confiicat.
1007 2521 1090 2619 Ejus
1098 2521 1196 2597 rerba

126 2652 222 2708 sont:
240 2669 258 2700 α
273 2632 364 2708 lllub
381 2634 491 2707 obiter
503 2634 707 2722 adnularim,
728 2635 762 2705 in
773 2632 897 2707 Caecilii
911 2635 1091 2711 Minotiani
1101 2642 1196 2740 Apu·

128 2782 147 2812 a
164 2747 222 2823 lcii
235 2750 445 2845 Fragrnentis
455 2748 784 2836 observatum,annis
796 2765 921 2849 septem
931 2749 965 2821 io
974 2738 1103 2838 exsilio,
1116 2782 1196 2827 con-

128 2899 145 2930 »
165 2866 311 2969 sumptis
325 2865 475 2940 functum
492 2892 563 2940 esse
580 2865 649 2939 lato
663 2865 838 2953 Ovidium,
854 2894 918 2966 qna
932 2867 984 2941 die
996 2869 1095 2942 Titus
1110 2897 1195 2970 quo·

129 3017 146 3048 »
167 3010 234 3083 que
247 2982 364 3056 Livius
382 2979 573 3067 decesseris
593 2998 756 3075 structum
769 2982 849 3054 item
864 2979 915 3054 illi
930 3010 949 3054 a
965 2982 1122 3058 Barbaris
1136 3012 1196 3085 per

128 3132 147 3163 a
164 3097 290 3172 multas
304 3096 465 3198 lacrymas
484 3096 623 3197 tymbon
638 3113 714 3171 ante
729 3097 872 3195 januam.
887 3100 1016 3171 Auctor
1029 3098 1114 3171 idem
1128 3088 1196 3173 Mi-

130 3246 148 3275 »
164 3213 325 3289 notionus
348 3228 418 3299 est,
443 3212 624 3285 Corvinum
647 3212 690 3285 ab
718 3211 842 3287 Ovidio
866 3211 1067 3312 adpellatum
1094 3213 1195 3289 luisse

128 3363 146 3393 »
166 3329 265 3417 lbin,
290 3355 331 3403 cx
346 3328 414 3403 aris
431 3327 596 3415 loeditate,
616 3328 670 3401 cui
686 3345 832 3403 ventrem
849 3346 958 3425 rostro
976 3358 1119 3431 purgare
1145 3332 1197 3404 io·

127 3478 146 3511 »
165 3447 267 3521 situm
285 3446 349 3533 sit,
369 3463 403 3519 et
416 3445 482 3519 hoc
498 3474 539 3520 cx
551 3444 745 3520 Callimachi
756 3447 958 3537 imitatione:
969 3448 1105 3549 pulsum
1119 3464 1197 3552 quo

130 3597 147 3629 a
166 3595 232 3667 que
244 3565 281 3638 in
294 3563 462 3651 exsilium,
477 3564 568 3665 quod
580 3565 726 3661 Augusti
740 3565 903 3641 incestum
919 3566 1064 3641 vidisset.
1083 3603 1102 3634 »
1119 3571 1198 3643 Hac

126 3678 200 3772 ille,
218 3710 362 3783 quorum
376 3680 458 3755 fides
475 3697 547 3756 esto
564 3708 666 3782 penes
682 3698 870 3769 auctorem,
899 3682 957 3782 qni
974 3685 1123 3758 nondum
1140 3685 1195 3759 ln·

126 3825 195 3875 cem
219 3799 323 3889 vidit,
347 3797 473 3900 unique
491 3797 598 3871 Coelio
622 3797 817 3893 Rhodigiuo
836 3817 939 3874 notos
961 3798 1042 3890 soit,
1059 3802 1109 3874 uti
1131 3802 1196 3901 jam

126 3896 218 3993 antor
234 3917 464 4019 pronuntiavit
480 3913 588 3990 Lilius
608 3914 794 4016 Gyraldus,
811 3916 850 3989 de
865 3916 1031 3992 Poetarum
1046 3919 1192 4005 Μειοήα,

126 4033 258 4131 Dialog.
276 4035 309 4127 ly
322 4038 377 4107 An
390 4032 568 4121 Corvinus,
583 4031 735 4134 quisquis
748 4029 803 4105 ille
813 4030 924 4121 luerit,
935 4034 969 4106 in
980 4035 1086 4137 Libya
1101 4055 1198 4111 natus

124 4169 192 4241 cst,
207 4150 270 4225 nbi
295 4148 421 4225 scilicet
446 4150 523 4224 lbin
549 4144 674 4222 natales
698 4146 856 4222 habuisse
881 4147 1026 4224 declarat
1053 4152 1196 4225 Ovidius

125 4266 158 4340 iu
174 4267 250 4342 his:
