3159 5134
471 515 539 582 ΕΤ
552 514 942 584 ,ΡΒΛΕἙΔΤΙΟΝΕᾶ
1174 521 1239 611 295

170 655 277 730 larum
289 655 485 756 scriptorem
496 637 784 744 facundissimum,
798 685 836 731 ac
848 655 942 731 facile
953 657 1155 760 principem,
1170 658 1240 757 ejus

170 770 314 846 carmina
332 771 366 844 iu
385 769 532 846 italicum
547 799 729 847 sermonem
747 771 813 846 sibi
837 774 984 849 converti
1006 775 1124 874 jussit,
1147 776 1240 850 arbi-

171 905 278 964 uatus
297 913 372 961 eum
385 885 485 963 latine
508 916 578 962 non
603 886 750 964 locutum
776 917 850 963 esse
866 919 873 963 :
892 917 949 979 ac,
978 894 1107 993 quoties
1133 891 1174 967 de
1199 917 1239 966 eo

171 1029 280 1077 sermo
292 1000 470 1091 inciderat,
487 1002 533 1078 ita
548 1001 591 1077 de
601 1031 661 1092 eo,
674 1022 714 1079 ut
724 1004 766 1079 de
777 1005 922 1096 barbaro
935 1005 1050 1107 aliquo
1061 1024 1117 1094 ,et
1131 1001 1242 1082 latino

172 1119 292 1216 lingum
308 1120 484 1221 imperito,
501 1119 713 1223 loquebatur.
728 1123 839 1220 Quem
851 1123 907 1200 alii
920 1124 1055 1225 quidam
1065 1125 1191 1213 secuti,
1206 1127 1242 1199 in

171 1235 440 1340 grauissimorum
461 1236 797 1340 doctissimorumque
817 1239 991 1315 bominum
1018 1239 1150 1315 aculeos
1171 1269 1240 1316 me-
1353 1290 1356 1295 -

170 1352 239 1426 rito
255 1352 451 1430 inciderunt.
471 1353 541 1450 Qui
557 1354 664 1443 eninr,
681 1383 813 1456 queso,
830 1375 945 1432 sumus
960 1385 1045 1447 nos,
1062 1376 1119 1445 ut,
1137 1369 1244 1459 quum'

171 1469 213 1543 de
228 1468 324 1544 latini
342 1469 502 1544 sermonis
517 1468 705 1565 integritate
720 1490 755 1545 et
775 1470 935 1571 elegantia
957 1475 1085 1569 agitur,
1101 1492 1167 1548 tam
1181 1504 1240 1551 su·
1309 1554 1313 1563 ,
1345 1479 1353 1487 ’

169 1584 275 1686 perbe
291 1585 450 1684 judicium
468 1585 510 1660 de
524 1586 670 1689 antiquis
683 1588 903 1689 scriptoribus
917 1589 1021 1664 lacere
1037 1589 1242 1688 audeamus?

171 1697 302 1793 Multa,
328 1704 506 1806 inquiunt,
523 1705 692 1780 innovavit
708 1706 871 1796 Ovidius,
895 1706 1017 1784 multas
1040 1736 1137 1783 voces
1159 1737 1241 1784 con-

89 1835 92 1845 ’
170 1820 288 1910 fiuxit,
307 1821 432 1923 qurbus
449 1823 636 1926 superiores
650 1823 703 1898 usi
721 1845 791 1898 non
809 1807 911 1899 eraut.
926 1824 1023 1898 Unde
1040 1825 1122 1911 scis,
1148 1825 1242 1925 quis·

108 2023 115 2034 ,
173 1936 250 2037 quis
266 1962 320 2026 es,
338 1937 505 2014 innovarit
521 1968 578 2027 ea,
594 1968 636 2014 an
652 1965 670 2012 e
686 1939 948 2025 vetustioribus,
967 1965 1050 2039 quos
1067 1965 1157 2011 nunc
1171 1965 1241 2013 uon

171 2053 353 2144 babemus,
368 2055 441 2156 ipse
458 2056 623 2145 babebat,
642 2056 829 2158 acceperit?
850 2056 1081 2156 Quisquamne
1096 2071 1243 2131 veterum

172 2170 365 2244 criticorum
390 2169 549 2246 Ovidium
574 2199 742 2273 unquam,
761 2190 916 2274 tanquam
936 2197 1056 2275 parum
1072 2171 1173 2248 latine
1190 2173 1241 2248 lo·
1275 2231 1278 2236 r

171 2302 288 2364 cutum
303 2286 432 2362 notarit
443 2290 521 2362 ?·At
538 2288 594 2363 isti
610 2288 743 2366 delicias
766 2289 893 2364 faciunt
908 2317 917 2374 ;
947 2307 981 2365 et
1005 2316 1118 2364 vocem
1139 2288 1241 2363 ullam

143 2475 146 2480 .
172 2421 295 2500 negant
311 2433 346 2486 se
361 2404 444 2479 ferre
462 2434 579 2507 posse,
598 2397 671 2508 quae
684 2406 806 2481 nonin
822 2405 962 2494 Catulli,
978 2405 1144 2494 Lucretii,
1163 2408 1239 2480 Vir-

172 2519 262 2615 gilii,
279 2520 431 2610 Tibulli,
448 2540 482 2597 et
498 2551 680 2624 paucorum
695 2542 867 2626 preterca,
882 2522 1032 2599 versibus
1047 2523 1238 2625 reperiatur.

173 2639 313 2733 Quanto
325 2638 429 2715 satius
438 2637 577 2729 essetul
588 2643 756 2730 μᾶχωθαι,
770 2637 1158 2741 utait'l'hucydides,rp”
1162 2661 1239 2712 mr·
1336 2652 1338 2656 ’
1367 2711 1370 2715 .

173 2755 222 2844 λζ
234 2758 340 2852 χρόνῳ,
363 2771 396 2827 et
410 2782 525 2831 eorum
539 2758 730 2832 auctoritati
754 2758 981 2859 acquiescere,
1000 2786 1141 2857 quorum
1159 2787 1239 2831 mu-

172 2871 281 2948 liones
291 2870 409 2946 melius
421 2901 458 2948 ac
472 2876 611 2963 certius,
631 2903 728 2976 quam
745 2904 828 2962 nos,
847 2875 887 2949 de
904 2873 1008 2955 latino
1026 2903 1177 2963 sermone
1187 2875 1240 2975 ju-

174 2985 283 3061 dicare
300 3003 464 3087 poterant.
486 2989 615 3063 Ponam
638 2989 789 3091 equidem
809 2989 891 3090 qnid
908 2989 948 3063 de
963 2988 1085 3064 ovidio
1104 2990 1244 3065 senserit

175 3101 352 3178 historicus
361 3104 517 3205 optimus,
531 3107 567 3179 ss
582 3103 727 3179 Velleius
738 3103 1009 3192 Paterculus,lib.
1021 3107 1054 3177 ΙΙ
1068 3129 1077 3172 :
1093 3138 1110 3170 «
1129 3105 1242 3192 Paene,

178 3251 197 3284 o
217 3218 346 3320 inquit,
365 3219 466 3295 stulta
493 3238 543 3296 est
565 3220 795 3297 inhaerentium
813 3220 919 3295 oculis
936 3220 1245 3316 ingeniorumeuu·

175 3371 197 3438 Q»
218 3337 472 3426 meratio,intcr
484 3366 557 3441 qnae
567 3338 714 3412 maxime
721 3338 828 3413 nostri
838 3338 900 3413 uvi
909 3340 1072 3426 eminent,
1089 3339 1244 3441 princeps

179 3489 198 3520 2»
221 3454 400 3530 carminum
418 3453 601 3550 Virgilius,
626 3454 871 3555 Rabiriusque,
893 3471 927 3528 et
950 3473 1147 3531 consecutus
1173 3455 1247 3529 Sal·

181 3605 199 3636 »
221 3570 357 3647 lustium
382 3571 513 3659 Livius,
536 3570 759 3673 Tibullusque
785 3589 818 3645 et
841 3573 931 3646 Naso
954 3571 1184 3672 perfectissimi
1210 3572 1247 3645 in

180 3717 199 3749 o
219 3684 325 3759 forma
342 3685 453 3787 operis
472 3685 537 3775 sui,
553 3719 570 3751 ν)
586 3686 666 3783 Quo
680 3684 731 3760 vel
744 3714 813 3760 uuo
828 3684 1020 3760 testimonio
1034 3713 1091 3759 eos
1104 3743 1114 3774 ,
1129 3684 1247 3786 quiite

178 3800 294 3875 acerbe
311 3830 348 3876 ac
373 3800 560 3904 petulanter
585 3804 621 3876 in
641 3804 751 3905 ipsum
767 3801 887 3877 invecti
914 3820 1009 3891 sunt,
1028 3807 1136 3902 neque
1153 3828 1246 3888 rere,

178 3939 288 4017 neque
305 3916 451 4004 sincere,
470 3916 528 3993 sod
545 3945 585 3992 ex
599 3917 731 3993 adfectu
747 3905 786 3992 ie
798 3916 938 3992 libidine
951 3916 1083 4000 locutos
1098 3944 1186 4004 esse,
1203 3916 1249 3990 si·

178 4032 316 4136 mulque
334 4036 497 4120 inscitiam
513 4036 705 4140 patefecisse
724 4063 838 4124 suam,
863 4036 958 4113 facile
980 4035 1161 4131 intelligere
1186 4051 1248 4108 est.

178 4150 215 4227 Si
231 4153 400 4254 quievero
426 4169 513 4256 opus
538 4153 604 4228 boc
632 4151 809 4249 diligenter
824 4156 997 4258 inspiciat,
1016 4155 1157 4257 reperiet
1171 4181 1253 4255 pro-

175 4272 265 4349 fecto
286 4293 410 4352 tantam
436 4293 569 4377 tamque
593 4274 820 4359 admirabilem
841 4276 972 4351 dicendi
997 4276 1128 4378 copiam
1151 4291 1253 4376 atque
