3159 5134
371 499 416 591 94
696 499 734 562 r.
767 497 1117 607 ov1n1rv1rn

370 638 453 723 erit,
479 654 519 710 nt
536 633 605 708 duo
621 633 684 708 hac
702 634 742 707 de
758 663 795 708 rc
811 634 954 710 Nasonis
969 633 1077 709 nostri
1094 632 1166 708 loca
1181 632 1300 709 melius
1316 633 1441 710 intelli·

373 769 503 848 gantur.

420 870 537 968 ltaque
553 895 657 967 quum
675 868 718 940 D.
735 868 862 941 Brutus
877 897 896 942 a
911 868 961 941 Μ.
979 865 1130 941 Antonio
1147 867 1287 941 Mutinae
1301 894 1362 968 per
1375 885 1444 940 tres

375 983 505 1057 circiter
523 1009 652 1057 menses
667 982 823 1057 obsessus
842 982 972 1082 vixjam
984 983 1179 1070 sustineret,
1196 999 1294 1084 atquc
1312 984 1445 1057 Hirtius

373 1118 407 1173 et
424 1099 534 1173 Cesar
550 1096 743 1198 aliquandiu
759 1126 836 1172 cum
851 1096 948 1172 firmo
965 1100 1111 1173 exercitu
1129 1127 1166 1172 se
1182 1099 1445 1187 continuissent,

374 1217 429 1291 ille
450 1214 625 1300 Claterna,
643 1213 700 1288 hic
714 1213 757 1288 ad
771 1213 892 1288 Forum
911 1212 1106 1300 cometus,
1123 1234 1163 1288 nt
1173 1215 1314 1290 Pansam
1327 1219 1446 1291 Roma

376 1333 490 1434 copias
505 1361 546 1407 ex
561 1328 685 1406 dilectu
701 1329 804 1407 ltaliae
821 1347 1064 1432 comparantem
1078 1350 1307 1431 exspectarent
1322 1342 1331 1372 ¹
1345 1362 1354 1420 3
1369 1351 1447 1406 tan-

375 1448 451 1521 dem
464 1464 605 1548 uterque
620 1445 807 1545 conjunctis
823 1444 951 1519 viribus
973 1443 1016 1519 ad
1039 1446 1083 1517 l).
1109 1446 1252 1520 Brutum
1270 1445 1448 1521 obsidione

242 1639 244 1645 ,
376 1549 582 1636 liberindum
605 1559 766 1661 profecti,
784 1558 876 1633 haud
891 1558 993 1653 longe
1016 1558 1061 1632 ab
1080 1558 1164 1632 urbe
1181 1558 1316 1633 Mutina
1339 1577 1448 1635 castra

381 1676 496 1753 metati
508 1695 597 1752 sunt„
614 1711 632 1742 α
647 1676 825 1761 Antonius,
835 1703 938 1776 mum
951 1673 1153 1749 deditionem
1162 1702 1181 1747 a
1190 1676 1297 1751 Bruto
1302 1676 1370 1776 jam
1378 1706 1448 1752 non

383 1829 400 1859 ι»
420 1793 563 1894 amplius
574 1809 739 1894 speraret,
758 1788 872 1865 relicto
881 1792 917 1863 in
929 1789 1103 1865 obsidione
1116 1791 1212 1865 urbis
1225 1795 1262 1866 L.
1276 1794 1446 1877 Antonio,

380 1947 398 1978 s
418 1911 519 1986 fratre
536 1939 617 1998 suo,
634 1910 669 1983 iu
686 1910 847 1984 Caesarem
864 1927 898 1983 et
907 1909 1056 1983 Hirtium
1069 1909 1239 2011 profectus
1254 1929 1315 1986 est
1330 1913 1448 2009 Quum

381 2066 399 2096 »
421 2047 527 2104 castra
539 2029 654 2104 castris
668 2045 777 2102 essent
790 2028 967 2130 opposita,
984 2055 1046 2130 per
1058 2026 1190 2129 aliquot
1201 2029 1271 2104 dies
1281 2033 1448 2132 equestria

379 2181 397 2211 »
420 2145 531 2248 prelia
547 2144 650 2234 levia,
669 2164 704 2219 et
727 2144 830 2219 dubia
854 2145 991 2218 victoria
1006 2149 1182 2220 commissa
1205 2163 1304 2236 sunt,
1325 2165 1448 2223 »teste

377 2267 485 2340 Ilione
498 2273 522 2337 ².
537 2266 585 2339 Et
597 2264 713 2366 paucis
722 2281 801 2365 post
813 2261 910 2339 lineis
919 2262 1024 2352 addit,
1038 2265 1087 2337 M.
1099 2265 1295 2352 Antonium,
1308 2300 1325 2332 «
1342 2295 1448 2368 quum

382 2414 399 2444 s
417 2378 684 2480 appropinquare
699 2377 839 2450 Pansam
856 2378 1011 2466 sentiret,
1033 2377 1183 2452 hostiurn
1205 2395 1310 2453 castra
1334 2408 1448 2482 oppu-

382 2527 400 2559 »
420 2522 520 2590 gnare
534 2493 636 2568 luisse
648 2522 839 2590 aggressum
850 2522 890 2581 »ς
906 2496 1337 2598 atCesarernHirtiumque
1349 2529 1368 2562 o
1381 2524 1447 2592 cas

384 2642 401 2671 »
420 2607 480 2681 tris
495 2636 574 2682 suos
589 2608 808 2696 continuisse,
826 2635 927 2710 eaque
944 2609 1152 2684 custodiisse.
1171 2645 1189 2675 »

431 2724 484 2797 Ad
506 2723 592 2798 hanc
610 2725 894 2826 oppugnationem
909 2723 1050 2801 feliciter
1064 2725 1106 2800 ab
1125 2724 1237 2799 Hirtio
1254 2726 1450 2824 Caesareque

380 2840 545 2941 repulsam
561 2839 596 2914 id
613 2841 736 2928 resero,
755 2841 849 2941 quod
873 2838 1005 2916 Ottiltits
1021 2845 1178 2938 Augusto
1194 2841 1390 2944 palpatums
1405 2841 1448 2914 ad

381 2977 471 3033 xvttt
486 2957 616 3032 kalend.
633 2959 742 3032 Maias
756 2958 864 3046 canit,
882 2960 970 3032 Fast
987 2956 1046 3033 lib.
1061 2960 1121 3046 lv,
1136 2986 1219 3033 vers
1234 2955 1397 3032 625-628
1414 2987 1420 3030 :

548 3106 617 3161 Luce
626 3116 744 3161 secutam
757 3117 827 3160 tutos
837 3118 914 3176 pete,
924 3107 1027 3173 navita,
1039 3115 1130 3176 portus
1140 3125 1146 3160 :

576 3196 681 3251 Ventus
692 3196 724 3252 ab
735 3215 828 3251 ocean
839 3194 967 3266 gra-tine
981 3197 1073 3251 nisus
1083 3197 1142 3251 eric

544 3289 648 3345 Sdttoes
657 3299 688 3342 ut
698 3289 791 3353 fuerin
805 3299 894 3342 umen
906 3287 957 3342 liar.
966 3289 1124 3343 luciensis
1135 3291 1222 3344 cem

579 3379 716 3434 Grandine
729 3384 823 3435 adde&
832 3378 954 3434 contudit
966 3398 1039 3433 uma
1047 3399 1104 3433 su.

429 3516 559 3592 Deinde
570 3517 756 3604 Antonius,
769 3516 880 3618 pergit
887 3515 974 3604 llio,
989 3549 1008 3580 «ε
1022 3513 1137 3589 relicta
1147 3515 1197 3589 ibi
1209 3533 1301 3616 parte
1311 3544 1446 3590 suarum

387 3665 404 3696 »
423 3632 611 3732 copiarum,
622 3632 681 3734 qui
693 3649 798 3707 castra
812 3630 942 3728 (Hirtii
957 3630 1177 3732 limatisque)
1195 3648 1447 3733 oppugmrfflls

386 3781 404 3814 υ
423 3765 462 3822 ut
476 3748 593 3850 etipse
606 3748 717 3823 adesse
732 3748 868 3823 omnino
884 3747 1086 3830 crederetur,
1149 3745 1234 3822 clam
1245 3749 1286 3822 de
1299 3765 1398 3822 nocte
1410 3750 1447 3822 in

416 3925 515 3982 'Vide
529 3927 615 3984 cioer.
633 3929 677 3984 lib.
696 3930 769 3998 xlt,
789 3931 947 4001 Epistsam.
961 3932 1154 3998 vetmndde
1169 3934 1254 4004 Epist„
1270 3943 1334 4001 m,
1349 3952 1381 3988 ex
1395 3953 1449 4006 qus

384 4025 475 4086 petet,
498 4018 610 4070 Pasa·
625 4015 776 4070 adhucdum
791 4019 895 4082 λιιι,
916 4018 1100 4082 etindeuta,
1121 4022 1329 4089 θιῡμὺτῧοι,
1350 4019 1449 4074 snilioet

384 4101 471 4169 primo
484 4099 555 4152 Festi
568 4098 627 4164 die,
648 4117 695 4152 ssu
713 4099 806 4153 Mutii
824 4117 873 4154 ιιι
890 4100 970 4156 luisse
987 4121 994 4156 ε
1013 4102 1163 4158 mutant
1174 4122 1233 4174 pag.
1247 4121 1302 4172 sqq.
1317 4101 1448 4170 Adeoque

382 4181 469 4235 Pate
480 4179 586 4234 videtur
596 4178 947 4250 nonamdeemtmmn
959 4185 1052 4252 Aprili.

415 4261 499 4315 ‘tto
512 4260 692 4331 XLVl,peg.
707 4261 761 4328 ³¹7·
