3159 5134
450 532 546 599 PER
568 533 601 599 J.
627 532 851 601 MASSON.
1125 532 1185 617 143

245 709 249 714 -
284 671 331 728 tua
343 670 399 726 dies
407 671 465 726 hoc
475 682 530 735 est,
547 671 779 742 quatecelebrare
787 683 883 741 poete.
967 693 970 696 ·

317 763 346 818 Si
361 763 442 817 modo
454 783 510 818 non
520 763 617 818 fallunt
629 774 764 835 tempora,
783 767 906 828 Bacche,
925 764 1020 819 solent.
1140 779 1143 786 '

118 881 220 955 Addit
237 908 322 955 vers.
343 879 405 954 51.

281 1029 356 1083 ¹⁰¹⁸?
368 1045 433 1096 ΨΜ
446 1025 558 1080 ffl‘ffllfll
568 1064 577 1093 s
589 1025 655 1080 dun
667 1043 711 1082 me
722 1045 783 1082 mee
793 1025 847 1082 sata
857 1026 994 1093 sinebant,

318 1120 381 1174 Non
395 1118 476 1218 invisa
489 1117 535 1172 tibi
542 1137 607 1186 pars
617 1135 662 1186 effa
674 1137 741 1187 sepe
753 1117 794 1171 sui
806 1140 813 1183 ;

120 1256 153 1312 et
166 1267 250 1313 vers.
269 1236 402 1338 [ty-52:

284 1382 341 1437 Vos
354 1403 474 1454 quoque,
487 1395 621 1438 consortes
631 1381 710 1437 studii
721 1423 728 1450 ‚
740 1384 782 1453 pia
793 1383 869 1436 turba
877 1423 885 1451 ‚
893 1391 975 1450 poete
985 1394 1034 1439 eto

285 1476 499 1545 Admonitusque
511 1476 582 1542 mei,
595 1493 678 1543 quum
688 1473 901 1544 cioeumspexerit
913 1493 1007 1529 omnes
1014 1514 1022 1542 ,

319 1568 398 1622 Dicat
408 1586 415 1620 :
426 1568 471 1622 ubi
485 1577 524 1620 est
536 1572 686 1634 nosm'pars
699 1565 780 1618 modo
792 1566 863 1620 Naso
875 1568 972 1620 chori?

122 1689 180 1762 ubi
198 1704 307 1789 poetae
323 1703 486 1787 possunt,
505 1685 566 1758 etsi
581 1685 618 1757 in
633 1682 764 1759 nullum
780 1683 904 1760 fuerint
921 1685 1070 1785 cooptati
1093 1683 1194 1759 eolle-

123 1803 231 1897 gium‚
249 1801 315 1874 dici
328 1817 500 1875 consortes
516 1798 661 1898 ejusdem
673 1797 776 1873 studii
788 1856 799 1889 ,
811 1815 910 1900 atque
927 1797 1024 1871 etiam
1038 1807 1047 1837 ¹
1063 1797 1190 1888 chorus,

124 1915 401 2019 quemadmodum
416 1918 570 2017 superins
582 1945 630 1990 vs.
652 1942 695 1987 10
710 1913 856 2000 dixerat,
875 1941 908 1987 se
920 1911 1051 1988 mollem
1066 1915 1169 2010 egisse

288 2064 321 2117 ln
332 2063 424 2118 studiis
435 2065 531 2131 vitam,
548 2067 725 2134 Pr'm'quue
736 2066 827 2122 choro,

125 2201 161 2259 nt
179 2182 401 2280 significaret,
429 2210 464 2257 se
479 2184 589 2257 Musis
607 2209 741 2283 operam
758 2206 913 2268 navasse,
937 2208 1077 2281 quarum
1094 2147 1194 2258 veluti

125 2299 234 2375 chorus
243 2300 444 2398 lingebatur,
460 2297 569 2400 qualis
580 2317 613 2382 et
623 2299 733 2400 poetis
745 2296 903 2396 translate
918 2296 1059 2374 adscribi
1071 2298 1191 2396 potnit.

523 2470 785 2494 mmm

224 2644 306 2696 Anno
317 2652 378 2695 ante
392 2641 424 2696 C.
435 2659 524 2708 xr1113
541 2642 576 2696 U.
591 2640 623 2695 C.
636 2657 776 2695 nccxxxvr
787 2663 794 2702 ς
807 2639 912 2707 Ovidii,
930 2657 984 2692 xxv
999 2650 1026 2693 et
1038 2655 1112 2692 xxvi.

158 2787 188 2840 P.
206 2781 370 2840 CORNEL.
388 2783 581 2851 LENTULO,
601 2782 660 2842 CN·
678 2782 841 2840 CORNEL.
859 2780 1038 2838 LENTULO
1057 2780 1160 2836 COSS.

175 2931 201 3001 l.
219 2929 376 3024 AEttsllts
386 2930 452 3028 jam
467 2926 632 3022 vulgatam
643 2927 762 3014 luisse,
783 2954 885 3027 quum
898 2923 1061 3013 Ovidius,
1079 2928 1192 2999 Amor.

125 3045 184 3119 lib.
203 3048 240 3132 l,
260 3043 353 3140 Eleg.
372 3064 432 3131 xv,
451 3061 600 3133 caneret,
615 3044 734 3118 docent
748 3072 831 3117 vers.
850 3040 897 3114 25
913 3059 945 3115 et
962 3040 1009 3113 26
1026 3073 1033 3113 :

288 3192 411 3264 Tityrus,
423 3202 451 3246 et
459 3192 564 3262 fruges,
577 3193 718 3260 AEuet'aque
731 3211 804 3245 arma
816 3194 941 3258 legentur,

326 3284 411 3337 Roma
423 3283 577 3354 triumphati
588 3284 653 3337 dum
664 3295 741 3354 caput
752 3286 822 3338 orbis
832 3284 889 3338 erit.

127 3399 292 3497 Virgilius
301 3419 412 3478 autem
420 3401 699 3503 quumdesineute
711 3430 798 3478 auno
809 3401 980 3502 superiore
991 3399 1110 3485 obiret,
1117 3427 1198 3472 non-

127 3517 208 3590 dnm
225 3516 260 3589 id
278 3545 364 3618 opus
379 3516 585 3605 absolverat,
612 3546 651 3592 ao
670 3533 877 3591 testamento-
889 3517 1051 3614 jusserat,
1070 3530 1109 3586 ut
1125 3541 1198 3586 ere-

127 3648 291 3718 maretur,
304 3649 386 3706 teste
398 3631 529 3706 Plinio²
546 3662 554 3705 ε
572 3666 590 3697 «
604 3630 711 3704 Divus
726 3633 897 3726 Augustus
911 3629 1053 3704 carmina
1066 3625 1199 3723 Virgilii

128 3782 152 3816 »s
167 3748 305 3821 eremari
317 3766 432 3822 eontra
442 3746 948 3848 testarnentiejnsvereeundiam
960 3747 1085 3834 vetnit,
1102 3763 1162 3819 etc.
1177 3777 1194 3809 »

129 3863 342 3960 Quinetiam
366 3863 601 3966 Hieronymus
615 3865 650 3938 in
672 3864 839 3938 chronicis
859 3864 902 3938 ad
925 3861 1025 3938 haee³
1049 3880 1196 3963 tempora

163 4039 172 4068 ¹
192 4037 251 4092 Art.
262 4037 323 4091 Am.
336 4038 380 4092 tis
398 4039 439 4096 ut
447 4078 457 4106 ,
476 4058 542 4098 vers.
555 4039 618 4093 533:
631 4059 645 4085 α
660 4036 844 4106 Caruilianum
858 4036 984 4104 lenimus,
996 4038 1210 4097 minumum-⁴

129 4121 206 4174 mina
219 4131 335 4175 tanturn.
343 4121 396 4176 Hic
408 4124 506 4178 Chorus
515 4132 577 4184 ante
590 4127 657 4178 alr'os
668 4132 745 4190 aptus
753 4140 842 4176 amare
852 4139 950 4178 sumus.
961 4143 974 4167 a

163 4208 176 4237 ²
194 4206 262 4264 Hist-
275 4207 335 4260 Nat.
348 4206 391 4260 lib.
405 4205 474 4272 Vll,
489 4225 546 4276 cap,
556 4207 595 4258 do

164 4291 176 4323 ³
193 4290 304 4363 Olymp.
321 4307 392 4356 cxc,
407 4310 449 4345 an.
462 4292 485 4343 3.
