3159 5134
361 562 426 607 νον
698 542 736 606 P.
764 541 943 610 ovtmt
968 542 1100 610 vtTa

362 680 488 755 Peioris
504 697 583 754 eunt
598 681 727 776 generis
740 680 862 778 Elegia
878 699 908 754 11
921 699 956 755 et
967 700 1028 770 111,
1044 681 1229 784 etquidem
1244 684 1426 759 consumo

362 796 557 871 charactere.
575 794 765 870 Turbidum
782 796 869 870 enim
884 797 990 871 ventis
1006 826 1113 885 mare,
1130 798 1223 899 quod
1239 800 1427 901 patiebatur

361 913 425 988 sub
438 912 657 1008 navigationis
667 912 816 1002 initium,
830 913 1037 1004 describens,
1049 933 1082 989 et
1091 913 1204 991 faciles
1214 935 1335 1018 optans
1347 946 1427 992 ren-

363 1026 510 1115 tos,ait,
529 1026 621 1124 Eieg.
639 1047 690 1115 11,
706 1055 788 1102 vers.
808 1055 853 1129 91
870 1045 904 1102 et
920 1053 992 1129 92:

529 1152 948 1253 namquenamique
959 1183 1225 1239 mamma

556 1272 757 1343 Anouasfim
768 1292 817 1327 cur
826 1292 887 1327 mea
898 1274 955 1328 reia
965 1273 1055 1330 rident
1065 1274 1079 1328 ἓ

361 1400 474 1477 Tertia
490 1428 586 1486 vcro,
603 1428 686 1475 vers
707 1400 774 1474 105
790 1431 799 1474 :

526 1547 581 1602 No·
592 1557 681 1601 tamen
694 1548 793 1600 lomim
803 1565 860 1601 non
875 1556 965 1602 nocta
980 1545 1108 1602 findimus
1114 1541 1210 1619 inquot,
1224 1559 1273 1604 etc

363 1693 397 1750 et
412 1700 495 1749 vers.
517 1700 580 1747 121
599 1692 632 1748 et
652 1699 740 1747 122:

525 1802 595 1879 Nam
607 1814 711 1893 procot,
722 1793 835 1896 Illyricis
846 1823 909 1877 iam
919 1821 952 1877 de
964 1827 1159 1894 persentiens,

558 1914 701 1970 interdicta
713 1914 778 1968 mibi
790 1920 899 1969 semim
909 1916 990 1970 Italia
999 1926 1049 1971 ete.

362 2042 525 2146 Equidem
542 2041 582 2117 el.
602 2042 723 2145 Tanna.
738 2041 849 2117 Faber
866 2052 875 2081 ¹
894 2024 1132 2133 contendebat,
1149 2042 1318 2119 exordium
1334 2073 1429 2121 nora

362 2178 545 2265 omnaque
559 2160 679 2258 Elegia
688 2189 706 2233 a
716 2189 764 2235 vs.
784 2158 867 2248 10'3,
880 2159 1084 2261 faciendum,
1102 2162 1194 2263 quod
1207 2179 1240 2235 et
1254 2161 1303 2236 ill.
1319 2164 1426 2238 Mcol.

364 2276 511 2353 Heinsius
526 2275 720 2351 adfirmabat
733 2303 775 2348 ea
781 2272 856 2375 fide
874 2275 1094 2376 cmlr‘gatebrum
1118 2275 1267 2363 codr'cusm
1284 2306 1428 2380 quorum

364 2412 474 2469 umen
489 2420 661 2467 nnmerum
679 2390 769 2466 hand
791 2390 934 2493 amplius
954 2391 1087 2465 indicat.
1112 2394 1237 2467 Verum
1263 2393 1429 2495 quidquid

364 2508 576 2584 doctissimus
586 2506 641 2582 ille
652 2507 703 2581 vir
713 2508 819 2597 dicat,
837 2506 927 2582 nulia
940 2536 978 2582 ex
990 2509 1065 2611 ipso
1080 2508 1221 2583 carmine
1233 2536 1348 2598 causa,
1365 2539 1430 2587 noa

363 2624 546 2701 necessario
570 2623 682 2721 cogit,
699 2640 739 2698 ut
753 2623 902 2720 Elegiam
918 2625 953 2699 in
969 2625 1163 2723 vulgaribus
1178 2625 1351 2702 codicibus
1366 2642 1429 2700 ter-

362 2743 435 2816 te'nm
451 2743 486 2817 in
504 2742 585 2817 duas
602 2740 822 2817 diffindamue.
842 2742 958 2817 Potuit
974 2759 1062 2818 certe
1077 2761 1167 2819 rates
1190 2743 1330 2817 maxima
1346 2769 1429 2843 poe-

363 2856 456 2931 matii
465 2873 558 2959 parte
567 2855 758 2930 memoriam
771 2884 884 2930 carum
896 2873 1058 2956 repetere,
1073 2885 1146 2959 qua
1162 2855 1227 2932 sibi
1240 2872 1428 2943 evenerant,

364 3002 468 3075 quum
485 2975 593 3049 Roma
609 2990 694 3049 esset
711 2974 747 3047 iu
764 2972 916 3048 exsilium
931 2973 1102 3062 abiturus3
1123 2990 1156 3046 et
1173 2973 1341 3048 tamenab
1362 2974 1430 3048 isto

363 3117 460 3165 versu
489 3089 556 3164 103
579 3090 620 3165 ad
635 3089 735 3165 finem
751 3118 876 3192 usque,
901 3118 939 3165 ea
964 3089 1170 3176 describere,
1197 3087 1327 3192 quain
1345 3087 1430 3162 mari

364 3204 555 3294 Adriatico,
573 3207 784 3283 sarientibus
802 3206 927 3297 ventis,
944 3225 1015 3281 tum
1031 3223 1217 3308 pateretur,
1239 3234 1342 3307 φιιιιιι
1359 3206 1428 3278 hac

364 3323 521 3400 conderet
535 3326 686 3402 carmina.
803 3348 807 3357 '

413 3445 462 3518 At
484 3442 607 3541 Elegia
628 3464 668 3521 lx
682 3473 720 3520 ac
736 3466 760 3519 x
776 3471 815 3519 cr
830 3441 897 3518 illie
912 3458 1007 3532 sunt,
1029 3470 1111 3544 quas
1125 3443 1249 3517 Noster
1262 3439 1428 3529 exaravit,

365 3577 541 3663 postquam
560 3560 706 3636 Cenchris
720 3559 856 3636 alteram
869 3559 1072 3635 ascendisset
1085 3559 1194 3634 navim
1211 3589 1219 3631 :
1237 3576 1276 3632 tx
1296 3556 1430 3658 quidem

364 3675 401 3750 in
423 3675 532 3752 insula
558 3676 770 3753 Samothracia
792 3679 857 3772 (ex
879 3703 961 3751 vera
982 3699 1029 3749 20
1050 3701 1089 3748 ac
1113 3674 1202 3772 45),
1220 3689 1254 3747 et
1277 3695 1301 3749 x
1326 3699 1431 3774 quum

365 3791 553 3868 adhucdum
567 3794 747 3893 jactaretur
762 3794 794 3866 iu
810 3790 1134 3891 admouerentur·
1148 3785 1427 3889 uucnprffuudo,

366 3926 406 3982 ut
427 3906 531 3983 habet
554 3936 637 3984 vers.
659 3906 755 4010 39¹,
775 3936 872 4010 quem
888 3907 1116 4010 interpretari,
1143 3905 1253 4009 quoad
1270 3901 1431 4007 temporis

366 4041 479 4098 notam
494 4024 629 4113 attinet,
648 4022 793 4101 voluisse
808 4024 939 4101 videtur
956 4053 1039 4100 vern.
1060 4024 1101 4119 dr
1120 4053 1129 4097 :

399 4228 408 4258 ¹
426 4223 483 4278 Lib.
495 4222 525 4290 1,
540 4221 623 4294 Epist.
633 4240 713 4277 xxrrr.

264 4348 270 4361 ·
399 4320 411 4349 ²
428 4316 498 4388 Lege
511 4326 538 4372 et
550 4335 616 4370 vers.
631 4319 721 4389 19-28.
