3159 5134
346 519 370 586 6
629 517 669 582 P.
701 515 882 586 OVIDII
915 518 1147 588 NASONIS

393 660 470 733 Hoc
486 683 548 751 ego
566 653 713 731 devoveo
731 672 830 756 teque
849 673 991 759 tuosque
1008 659 1120 741 modo
1156 670 1160 679 '

344 779 459 877 thue
475 771 546 861 ille,
565 771 716 849 historiis
734 771 898 851 involvam
915 776 1060 857 carmina
1077 777 1191 853 caecis:

393 894 472 965 Non
489 887 612 967 soleam
623 888 778 991 'quamvis
794 889 859 965 hoc
876 918 981 986 genus
997 892 1070 994 ipsc
1083 892 1190 997 sequi.

293 1108 296 1112 Δ
344 1007 441 1082 lllius
458 1006 613 1104 ambages
630 1006 780 1087 imitatus
798 1008 834 1081 in
851 1008 948 1087 lbida
967 1009 1076 1100 dicar,

398 1123 539 1200 Oblitus
555 1125 658 1207 morie
675 1125 859 1227 iudiciique
875 1125 949 1207 mei.
1391 1148 1426 1200 60

346 1243 393 1317 Et
409 1244 584 1345 quoniam,
603 1245 661 1345 qui
674 1245 737 1333 sis,
755 1243 907 1325 nondum
926 1246 1157 1346 quarentibus
1173 1245 1258 1335 edo,

395 1358 501 1432 Ibidis
518 1358 644 1435 interea
659 1377 697 1437 tu
715 1388 850 1461 quoque
866 1388 988 1435 nomen
1005 1360 1103 1436 habe.

345 1478 460 1577 thue
476 1477 539 1550 mei
557 1500 670 1553 rerem
687 1475 895 1579 aliquantum
913 1479 1023 1553 noctis
1039 1479 1236 1567 habebunt,

395 1595 451 1669 Sic
467 1595 541 1669 vitae
557 1597 658 1671 series
675 1614 745 1673 tota
764 1596 809 1675 sit
821 1614 893 1672 atra
908 1615 982 1673 tue.

346 1712 426 1785 Haec
442 1710 505 1786 tibi
522 1711 623 1786 natali
639 1712 734 1802 faro,
753 1711 899 1814 danique
913 1712 1085 1804 kalendis,

395 1829 473 1902 Non
490 1829 672 1905 mentituro
689 1829 835 1931 quilibet
850 1856 908 1924 ore
921 1829 1018 1926 legat

347 1945 508 2021 bimaris
525 1963 559 2021 et
576 1964 691 2035 terrae3
713 1947 839 2049 quique
853 1946 907 2025 his
924 1945 1062 2022 meliora
1079 1946 1199 2022 tenetis

398 2066 489 2139 Inter
508 2062 656 2145 diversos
673 2092 748 2147 cum
764 2067 850 2141 Jove
865 2092 967 2161 regna
981 2062 1101 2165 polos3

349 2180 426 2253 Huc
444 2207 579 2280 precor,
596 2179 664 2263 buc
678 2196 804 2257 vestras
821 2207 938 2261 omncs
955 2178 1116 2263 advertite
1133 2195 1281 2265 mentes,

397 2297 444 2367 Et
459 2294 557 2369 sinite
573 2296 698 2395 optatis
714 2295 849 2397 pondus
867 2297 975 2372 inesse
990 2296 1083 2371 meis.
1177 2342 1182 2349 ·
1395 2328 1429 2382 7⁰

348 2412 494 2511 Ipsaque
512 2429 548 2486 tu
563 2410 701 2500 Tellus,
719 2412 832 2513 ipsum
849 2439 924 2491 cum
940 2413 1098 2491 fluctibus
1113 2414 1258 2515 AEquor,
1291 2404 1295 2411 ’

399 2533 475 2632 lpse
492 2558 598 2617 meaa,
615 2529 753 2618 AEtber,
771 2531 903 2632 accipe,
919 2560 1064 2620 summe,
1082 2560 1198 2633 preces
1215 2562 1222 2606 :
1405 2532 1410 2549 ⁶

351 2647 551 2750 Sideraque,
571 2666 605 2722 et
620 2650 722 2749 radiis
741 2650 942 2727 circumdata
959 2650 1048 2726 Solis
1066 2653 1195 2749 imago;

351 2822 426 2891 cujus
439 2820 584 2879 terratico
599 2821 652 2897 avis
665 2822 737 2893 quasi
749 2821 867 2892 peculia·
916 2823 976 2878 Ibin
989 2834 1097 2892 monet,
1116 2834 1147 2878 ut
1158 2823 1239 2877 natali
1255 2842 1322 2891 suo,
1337 2822 1429 2878 halen·

351 2898 388 2956 ris
401 2921 407 2956 :
420 2912 534 2971 utroque
547 2913 636 2955 antem
650 2901 730 2955 modo
741 2921 789 2972 per
801 2921 868 2956 cou—
916 2900 1008 2970 disque
1018 2902 1144 2970 januariis
1154 2942 1161 2966 ,
1172 2901 1218 2957 bas
1229 2900 1431 2972 imprecationes

351 2992 499 3052 temptum,
512 2991 540 3034 et
550 2976 748 3034 contumeliose.
761 2976 867 3039 Mrcrn.
917 2979 1033 3048 aquosis
1044 2979 1093 3051 legi
1103 3019 1111 3047 ,
1120 2979 1221 3048 sibique
1232 2999 1280 3049 pro
1286 2979 1377 3035 faustis
1386 2980 1432 3034 im-

386 3062 427 3131 57.
448 3052 529 3130 [fsque
541 3062 602 3127 r'lle,
616 3064 731 3114 historiis
742 3054 868 3115 ebraldum
917 3056 1112 3127 precationibus
1133 3056 1237 3111 recitari
1255 3069 1354 3125 curet,
1378 3077 1430 3128 quo

325 3197 327 3200 Α
353 3144 468 3194 carmina
484 3144 566 3193 caecr's.
581 3137 678 3193 Suidas
691 3134 772 3193 etiarn
785 3134 869 3192 Calli·
917 3134 970 3190 scil.
982 3137 1013 3190 iis
1024 3136 1116 3191 dicbus
1127 3134 1431 3206 pronunciatte‚certio-

353 3218 441 3291 machi
449 3216 566 3274 libellum
575 3219 601 3273 in
612 3216 670 3274 lbiu
679 3219 868 3289 perobscurum
916 3235 974 3270 rem
986 3216 1131 3286 perniciem
1139 3215 1306 3285 portendant.
1316 3216 1430 3270 Veteres

243 3348 248 3357 .
354 3296 869 3370 foissetestatur,dequoPapiniumlo·
917 3297 1005 3363 enim,
1020 3296 1147 3367 quidquid
1161 3294 1257 3350 ominis
1270 3290 1349 3361 mali,
1364 3305 1431 3349 tem

356 3380 400 3449 qui
412 3397 467 3432 non
476 3374 584 3445 dubito,
597 3377 641 3432 lib.
650 3374 692 3432 IV
700 3372 771 3450 Sylv.
784 3394 870 3447 quum
917 3377 1025 3446 poribus
1034 3376 1084 3431 illis
1093 3374 1215 3431 auditum
1224 3373 1331 3440 luisset,
1341 3372 1431 3429 dirum

354 3454 650 3526 patremlaudatinejus
660 3453 788 3525 epicedio,
798 3453 870 3523 quod
918 3456 1006 3513 nescio
1019 3455 1091 3526 quod
1105 3455 1214 3509 exitium
1227 3452 1324 3507 minari
1336 3452 1431 3509 crede·

356 3532 528 3603 Callimachi,
538 3534 735 3611 Lycophronis,
747 3532 869 3606 Sophro-
917 3534 989 3589 bant,
1004 3533 1108 3591 Contra
1119 3533 1175 3589 dies
1186 3530 1261 3596 illos,
1276 3532 1297 3586 si
1310 3531 1376 3587 nihil
1387 3533 1431 3587 in-

355 3615 397 3671 nis
418 3626 445 3672 et
464 3615 592 3683 Corinna
608 3632 698 3671 versus
719 3610 872 3669 obscurissi-
917 3611 996 3666 fausti
1007 3610 1172 3682 contigisset,
1185 3608 1358 3667 faustissimos
1370 3628 1431 3663 reu·

355 3694 415 3748 mos
427 3690 593 3765 intelligeret.
919 3692 1018 3749 sehaut.
1032 3690 1153 3743 Sncvno.

389 3772 430 3826 tn.
453 3764 492 3825 Tu
509 3789 612 3839 quoque.
631 3766 871 3839 Quemadmodum
952 3766 992 3825 68.
1003 3766 1073 3822 Inter
1080 3770 1192 3822 diversos
1197 3769 1281 3836 polos.
1296 3764 1432 3821 Arcticum

357 3845 655 3922 Apolloniustodins.
668 3845 747 3905 Dona,
920 3858 948 3902 et
964 3847 1143 3902 antarcticum.
1160 3842 1223 3900 Divi
1239 3855 1315 3917 erant
1331 3843 1433 3899 duode-

391 3929 431 3989 65.
447 3928 509 3991 Hac
523 3931 574 3983 titt
585 3928 673 3985 natali
679 3924 776 3995 scorto.
790 3924 871 3983 Unus
920 3926 990 3993 cim,
1006 3923 1126 3995 quicum
1139 3924 1207 3978 Jove
1222 3924 1378 3978 dicebantur
1391 3933 1434 3978 te-

358 4030 389 4069 ει
406 4008 472 4063 meis
478 4002 583 4076 suctim·
598 4002 776 4063 Bononiensis
786 4004 871 4074 sarcio.
920 4023 985 4057 nere
999 4003 1111 4071 caelum,
1124 4013 1152 4056 et
1166 4003 1298 4071 majorum
1311 3998 1432 4070 gentium

360 4080 452 4145 Scribe
454 4086 540 4154 farm·
555 4082 625 4157 quod
636 4086 809 4155 eatminantis
818 4106 825 4140 :
834 4086 873 4140 ui·
920 4082 966 4137 Dii
979 4083 1157 4149 vocabantur;
1176 4102 1241 4152 quos
1259 4092 1288 4135 et
1302 4092 1434 4135 consentes

359 4167 397 4224 bil
407 4165 574 4237 frequentius
582 4162 652 4236 apud
662 4166 775 4237 optimos
786 4177 873 4223 aucto·
921 4162 1087 4235 adpellabant
1104 4206 1111 4233 ‚
1134 4164 1180 4235 qui
1199 4182 1215 4217 a
1232 4160 1342 4217 consilio
1358 4160 1433 4216 Jovis

359 4269 410 4305 res.
420 4240 553 4303 H.-Hec
560 4248 608 4303 ortt
616 4250 706 4300 natali.
713 4240 872 4317 Priusquam
920 4258 996 4300 erana
1006 4267 1012 4310 ;
1023 4240 1063 4299 'ita
1074 4244 1152 4311 dicti,
1167 4242 1238 4315 quod
1251 4243 1434 4298 consentirent

359 4322 431 4383 Naso
439 4316 511 4381 Deos
521 4322 669 4381 invocando
677 4320 725 4385 sibi
736 4318 872 4393 conciliet,
920 4322 950 4379 in
966 4342 1016 4393 eo,
1034 4315 1106 4394 quod
1122 4321 1272 4395 gerendum
1286 4331 1361 4378 esset
1374 4321 1432 4375 Ju-
