3159 5134
392 505 451 568 no
718 489 766 567 e:
788 501 966 570 ovlutl
990 498 1125 569 VITA

387 643 451 715 An.
469 642 505 729 I,
524 638 580 714 01.
604 663 688 738 191,
708 667 766 714 seu
782 642 824 713 U.
842 642 882 714 C.
901 639 991 740 738,
1009 645 1192 714 mnuosin
1209 640 1292 716 Asia
1308 637 1453 731 dicitnr;

389 757 551 857 siquidem
566 757 678 830 Ovidii
686 757 992 851 Maceradhncdum
998 757 1033 831 in
1043 756 1123 831 vivis
1136 777 1220 845 erat,
1238 787 1340 859 quum
1353 778 1455 860 poeta

388 894 503 949 noster
527 875 649 948 iibnun
666 875 700 948 ΙΙ
724 901 764 948 ex
787 873 891 947 Ponto
906 875 1082 963 sciibeiet,
1100 902 1188 949 anuo
1206 876 1335 952 circiter
1347 880 1388 951 U.
1412 867 1451 953 C.

390 989 476 1091 7663
490 1009 527 1064 nt
538 991 667 1087 egregie
677 988 897 1064 haiiunicetur
903 990 944 1063 ci.
958 990 1010 1064 vir
1020 991 1095 1066 Ger.
1108 991 1146 1063 V
1143 992 1248 1079 ossius,
1259 994 1317 1095 qui
1326 1012 1454 1069 utrum-

388 1136 452 1207 que
467 1107 662 1194 couiundit,
681 1105 739 1180 lib.
758 1104 798 1180 de
817 1106 923 1181 Poetis
936 1106 1012 1181 Las.
1029 1125 1090 1181 etc.

434 1227 535 1299 Forte
552 1224 651 1300 fiacrit
667 1224 834 1324 Pougoctits
849 1223 977 1306 Macer,
996 1221 1210 1321 Theophanis
1227 1218 1335 1309 filius,
1353 1252 1453 1324 quem

387 1335 459 1412 olio
488 1337 597 1413 Casor
618 1342 782 1439 Augustus
809 1337 1383 1437 siumeuroaemensium,
1413 1359 1453 1416 ut

386 1455 508 1528 Strabo
529 1465 536 1494 ¹
556 1455 691 1542 scribit,
710 1454 832 1529 addens
850 1472 921 1528 tum
936 1455 1027 1529 hunc
1043 1452 1144 1527 fuisse
1159 1452 1239 1527 lister
1251 1454 1368 1555 pninos
1389 1457 1452 1530 Ti-

385 1571 469 1644 berii
490 1569 623 1645 Cosan's
637 1572 757 1644 caucos.

435 1689 494 1758 lv.
509 1689 550 1759 ln
566 1684 646 1760 Asia
668 1713 745 1760 vero
763 1688 923 1761 Nostrum
940 1684 1003 1761 sub
1021 1684 1165 1759 Varrone
1183 1683 1359 1773 militasse,
1375 1714 1451 1786 pcr-

388 1830 500 1903 peram
526 1801 649 1898 tegitur
663 1802 699 1875 in
715 1801 924 1888 brevissima,
941 1829 1039 1902 quam
1056 1799 1157 1903 aliqui
1176 1799 1305 1874 codices
1320 1801 1450 1887 serunt,

389 1918 488 2006 Vita,
507 1920 608 2020 idque
627 1918 785 1995 Ciosanns
800 1944 838 1990 ac
855 1916 909 1991 alii
925 1917 994 1991 suis
1010 1917 1046 1990 iu
1070 1916 1161 1989 notis
1177 1917 1451 1992 inconsideratius

385 2036 606 2137 arripuerunt.
626 2038 805 2138 Repugnat
819 2035 909 2110 enim
924 2032 1047 2108 diserto
1063 2033 1237 2133 ipsiusmet
1254 2032 1367 2109 Ovidii
1384 2050 1450 2107 tes-

385 2153 541 2244 timonio,
558 2157 673 2228 Amor.
689 2151 750 2227 lib.
767 2155 801 2239 l,
819 2151 912 2246 Eieg.
933 2171 992 2239 XV,
1011 2151 1133 2225 initio:

549 2309 624 2381 Quid
637 2309 717 2373 mihi,
730 2309 796 2363 livor
807 2310 887 2376 edax,
901 2309 1007 2378 ignavos
1018 2308 1218 2377 objicientium

579 2403 731 2471 ingeniique
744 2422 820 2485 vocas
830 2422 938 2457 carmen
951 2402 1042 2458 inertia
1053 2403 1137 2472 opus?

545 2497 606 2551 Non
621 2514 663 2548 me
676 2512 750 2549 roure
763 2506 867 2568 patrum
877 2535 885 2561 ‚
897 2494 963 2549 dum
973 2507 1080 2550 strenua
1092 2496 1203 2552 sustinet
1213 2504 1290 2563 otas,

578 2589 691 2643 Praemia
702 2589 801 2645 militie
812 2587 993 2660 pulverulenta
1003 2592 1075 2660 sequi
1086 2587 1099 2639 ?

386 2743 458 2819 quae
471 2716 629 2802 canebat,
649 2744 750 2816 quum
767 2716 832 2814 jam
852 2715 976 2790 AEaen
987 2711 1137 2812 vulgata,
1156 2744 1228 2820 quae
1241 2733 1349 2790 tamen
1361 2743 1448 2790 non·

384 2830 448 2903 nisi
475 2848 553 2932 post
583 2829 713 2931 thitt'
734 2847 891 2918 mortem,
907 2829 973 2903 hoc
998 2848 1069 2918 est,
1085 2848 1164 2932 post
1186 2859 1307 2903 annum
1334 2833 1377 2903 U.
1406 2830 1445 2904 C.

383 2964 548 3024 occxxxv
565 2945 630 3019 fuit
646 2944 753 3030 edim
771 2945 835 3018 vid.
856 2945 940 3019 infra
956 2946 1065 3019 adan.
1084 2964 1273 3019 uccxxxvi.
1301 2943 1395 3043 Quin
1412 2964 1448 3020 et
1513 3033 1517 3040 ¹
1551 2941 1554 2944 ’

381 3059 493 3156 jamin
505 3057 622 3133 exsilio
636 3058 820 3142 scribebat,
840 3058 942 3132 Trist.
956 3058 1015 3133 tib.
1029 3060 1088 3145 lV,
1100 3057 1152 3132 El.
1170 3079 1183 3133 1
1195 3115 1204 3145 ,
1217 3088 1263 3132 vs.
1280 3085 1321 3159 71
1333 3078 1367 3134 et
1380 3086 1444 3161 72:

541 3205 642 3274 Aspera
654 3207 858 3271 municionem
869 3205 1013 3261 certamina
1017 3203 1093 3276 lugi,

578 3300 634 3354 Nec
647 3299 697 3352 nisi
708 3297 796 3352 lusum
807 3299 938 3353 movimus
950 3320 1023 3356 ama
1034 3320 1115 3358 manu
1125 3342 1132 3370 ‚
1144 3313 1193 3360 etc.

742 3415 747 3428 ι
779 3437 1041 3460 m

509 3608 590 3661 Anno
601 3618 662 3662 aute
676 3606 708 3661 C.
720 3623 801 3671 mv3
814 3608 849 3662 U.
863 3606 895 3662 C.
907 3621 1033 3671 uocum
1044 3607 1136 3662 Ovidii
1155 3625 1204 3662 nx
1215 3617 1243 3661 et
1254 3625 1298 3662 xx„

409 3743 442 3800 C.
453 3745 616 3802 CAESARE
627 3747 813 3804 AUGUSTO
829 3749 874 3815 X,
892 3747 925 3804 C.
938 3746 1123 3804 nouando
1140 3746 1293 3804 FLACCO
1306 3746 1409 3803 COSS.

425 3891 451 3961 1.
470 3891 626 3963 Nasonis
640 3890 746 3964 nostri
762 3889 863 3966 freter
879 3907 959 3965 natu
975 3889 1088 3990 major,
1103 3889 1157 3965 his
1170 3888 1369 3966 wasulibus
1386 3888 1445 3965 de

373 4006 490 4090 cessit,
511 4023 544 4078 et
561 4006 695 4106 quidem
707 4024 786 4108 post
798 4028 846 4080 xx
859 4008 974 4082 Martii
988 4006 1092 4095 diem,
1111 4037 1178 4110 quo
1195 4008 1251 4084 ille
1268 4009 1443 4084 duodecim

405 4179 412 4208 ¹
431 4175 487 4314 ὴὲ).
499 4177 585 4244 xm,
599 4196 653 4250 μς.
665 4180 733 4250 9183
751 4177 860 4234 Confer.
870 4180 952 4237 Tucit
971 4173 1042 4235 Anu.
1054 4180 1206 4253 tisim.
1216 4202 1261 4253 7²³
1274 4192 1302 4236 et
1314 4181 1357 4236 tu.
1374 4181 1436 4243 vl.

371 4277 425 4328 cap.
441 4281 448 4312 ι
472 4303 477 4313 .
