3159 5134
584 558 733 624 vira.
1146 553 1189 618 os
1254 531 1256 536 '

129 692 252 765 fueraut
268 708 344 766 ante
362 689 519 792 plurimis
540 689 716 791 exemplis,
743 689 882 762 omnino
901 686 1028 762 aboleri
1045 715 1115 761 non
1130 716 1191 789 po·

133 823 257 881 inerunt
275 838 283 880 :
301 824 479 908 propterea
497 806 544 879 sic
559 807 630 906 ipse
648 805 756 906 primo
772 805 812 878 de
825 804 927 881 Trist.
944 802 1036 900 Eleg.
1054 821 1111 890 vl,
1127 802 1189 877 ait:

286 954 369 1009 Grata
381 964 427 1008 tua
437 964 477 1008 eet
487 954 569 1023 pietas
580 975 587 1014 ;
600 953 646 1007 sed
658 951 776 1007 camina
789 953 875 1021 major
885 954 973 1023 imago

318 1046 389 1100 Sunt
402 1064 479 1110 mea,
491 1064 550 1115 quaa
564 1046 661 1099 mando
673 1044 873 1114 qualiacumque
886 1046 974 1114 legas,

288 1137 417 1191 Carmina
429 1147 542 1190 mutatas
550 1136 692 1190 hominum
705 1135 818 1190 dicentia
829 1134 925 1187 formas
935 1155 943 1189 τ

321 1227 417 1283 Infelix
428 1226 529 1281 domini
540 1227 610 1297 quod
622 1227 683 1297 suga
694 1228 765 1297 rupit
776 1245 849 1296 opus.

286 1303 353 1372 Hoc
364 1337 413 1388 ego
424 1317 575 1384 discedens,
586 1318 652 1371 sicut
665 1318 733 1371 bene
744 1316 828 1371 multa
838 1333 977 1382 meorum,

320 1411 378 1479 lpse
393 1428 452 1463 mea
463 1409 536 1479 posui
550 1419 656 1463 nimius
667 1408 695 1461 in
706 1408 767 1478 igne
778 1427 869 1463 manu.

286 1501 379 1570 thue
392 1519 519 1554 cremasse
531 1519 609 1553 suum
621 1500 708 1553 lentur
717 1500 858 1569 substipite
871 1485 963 1554 natum

320 1591 454 1658 Thestias,
468 1602 495 1645 et
508 1592 601 1645 melior
613 1603 696 1645 matre
708 1592 787 1647 luisse
801 1611 892 1654 soron

286 1682 330 1736 Sic
341 1701 392 1752 ego
402 1701 457 1735 non
472 1682 595 1745 meritos,
610 1702 714 1737 mecum
729 1682 859 1753 peritura,
872 1682 970 1738 libellos

317 1773 434 1843 lmposui
446 1772 557 1842 rapidis,
570 1773 667 1828 viscera
679 1785 783 1841 nostra,
796 1775 865 1845 rogis
878 1795 884 1827 :

285 1861 336 1915 Vel
348 1862 419 1932 quod
431 1882 505 1917 eram
519 1865 625 1932 Musas,
640 1876 669 1919 ut
681 1866 791 1920 crimina
803 1878 908 1934 nostra,
922 1885 1044 1937 perosus;

317 1954 368 2008 Vel
381 1954 451 2024 quod
464 1955 550 2010 adbuc
561 1976 679 2011 crescens
691 1969 717 2011 et
730 1957 796 2010 rude
807 1976 914 2012 carmen
927 1969 991 2010 erat.

286 2044 357 2115 Quae
369 2047 495 2115 quoniam
508 2065 564 2100 non
577 2059 640 2102 sunt
652 2049 756 2118 penitus
767 2048 885 2115 sublata,
898 2047 943 2103 sed
955 2057 1072 2116 exstant,

318 2136 441 2192 Pluribus
452 2137 577 2208 exemplis
589 2140 684 2207 scripta
697 2138 775 2193 fuisse
789 2158 859 2192 reor.

286 2226 365 2282 Nunc
377 2245 486 2298 precor,
502 2240 531 2284 ut
544 2229 650 2292 vivant,
661 2239 689 2284 et
704 2249 758 2282 non
771 2230 863 2300 ignava
878 2228 1012 2300 legentdm

320 2316 384 2372 Otia
396 2319 544 2385 delectent,
558 2320 769 2391 admoneantque
780 2322 843 2375 mei.

287 2408 347 2462 Non
362 2420 452 2464 tamen
466 2410 507 2463 illa
519 2409 568 2480 legi
582 2422 706 2481 poterunt
719 2413 850 2482 patienter
861 2411 893 2466 ab
903 2410 979 2479 ullo,

318 2501 423 2555 Nesciat
434 2501 473 2556 bis
484 2521 615 2556 summam
628 2505 649 2557 si
661 2505 718 2575 quis
731 2505 817 2560 abesse
830 2523 948 2557 manum.

287 2591 412 2645 Ablatum
426 2592 518 2647 mediis
531 2613 596 2663 opus
607 2604 646 2647 est
657 2594 796 2648 incudibus
806 2594 869 2648 illud
882 2617 889 2659 ς

320 2680 417 2737 Defuit
429 2695 456 2737 et
467 2685 568 2754 scriptis
580 2686 672 2739 ultima
686 2685 747 2739 lima
762 2687 836 2740 meis.
873 2707 878 2718 ·

286 2772 322 2827 Et
333 2774 438 2828 veniam
453 2795 502 2844 pro
517 2776 593 2830 laude
608 2788 688 2847 peto:
700 2773 820 2834 lau'datus
831 2777 950 2845 abunde,

317 2866 378 2919 Non
392 2865 520 2921 fastiditus
531 2868 552 2920 si
566 2869 627 2934 tibi,
643 2869 741 2936 lector,
755 2888 809 2922 ero.

289 2958 346 3011 Hos
357 2977 462 3028 quoque
473 2979 517 3012 sex
528 2979 616 3014 versus
627 2960 655 3014 in
667 2961 752 3031 prima
763 2960 851 3014 fronte
863 2961 957 3027 libelli,

318 3050 348 3105 Si
360 3051 550 3121 praeponendos
561 3072 615 3106 esse
627 3053 742 3122 putabis,
755 3052 821 3106 habe
834 3072 840 3106 :

286 3140 371 3196 Orsua
381 3152 490 3211 parente
501 3161 549 3196 suo
563 3143 721 3213 quicumque
737 3125 870 3196 volumina
882 3142 984 3213 tangis,

318 3232 369 3287 His
379 3233 471 3288 saltem
485 3245 569 3289 vestra
581 3234 660 3289 detur
672 3235 698 3288 in
711 3234 775 3290 urbe
789 3235 868 3288 locus.

288 3324 406 3394 Quoque
418 3326 499 3396 magis
513 3325 613 3393 faveas,
626 3345 680 3379 non
691 3337 754 3379 sunt
765 3326 820 3378 baec
831 3325 901 3378 edita
911 3325 944 3378 ab
955 3325 1027 3395 ipso,

320 3416 374 3471 Sed
386 3418 457 3486 quasi
469 3417 502 3470 de
513 3416 614 3470 domini
625 3416 717 3471 sunere
729 3428 804 3487 rapta
813 3417 862 3470 sui.

286 3508 426 3578 Quidquid
437 3510 465 3562 in
479 3508 517 3563 his
529 3510 608 3579 igitur
619 3509 674 3562 vitii
687 3507 753 3562 rude
764 3527 870 3562 carmen
884 3506 1006 3574 babebit,

321 3598 529 3667 Emendatunu,
541 3601 562 3653 si
573 3598 698 3666 licuisset,
711 3618 793 3656 eram.

134 3717 208 3793 ltem
223 3719 259 3791 in
274 3720 345 3805 Ill,
363 3716 456 3813 Eleg.
474 3736 561 3791 ttlv:

288 3867 359 3920 Sunt
369 3885 472 3935 quoque
484 3875 592 3920 mutatae
602 3875 644 3918 ter
654 3865 770 3934 quinque
781 3863 916 3916 volumina
927 3861 1020 3918 lormae
1033 3904 1042 3928 ,

320 3959 448 4013 Carmina
460 3958 493 4013 de
505 3957 607 4012 domini
619 3958 714 4011 lunere
725 3968 799 4026 rapta
812 3955 861 4010 sui.

285 4049 355 4107 lllud
366 4068 431 4120 opus
443 4051 543 4120 potuit,
555 4051 577 4104 si
587 4069 643 4103 non
655 4049 726 4119 prius
737 4050 791 4119 ipse
804 4055 944 4117 perissem,

320 4140 428 4196 Certius
438 4162 453 4195 a
463 4160 566 4196 summa
577 4160 678 4195 nornen
690 4141 786 4193 babere
798 4158 888 4193 manu.

287 4236 366 4290 Nunc
376 4234 553 4289 incorrectum
564 4232 653 4302 populi
665 4232 784 4302 pervenit
796 4232 824 4284 in
834 4250 897 4299 ora,

318 4328 351 4382 ln
364 4325 453 4398 populi
464 4324 609 4397 quidquam
620 4323 642 4378 si
653 4332 742 4378 tamen
754 4342 801 4380 ore
811 4340 903 4378 meum
914 4331 961 4376 est.
