3159 5134
451 571 504 638 m
526 572 707 640 ov1n11
731 572 851 639 tarn.
1142 575 1185 668 s,

116 721 211 792 ttaso
225 716 303 815 jure
316 713 352 786 in
369 713 482 814 ipsum
496 715 664 800 insectus,
680 712 918 788 Callimachum
930 713 1052 787 imitari
1063 715 1190 805 volsit3

120 832 245 909 seilicet
255 849 299 904 nt
312 828 370 903 ille
382 828 623 930 Apollonium,
641 832 733 932 quud
746 832 988 906 Alexandrinus
997 851 1100 917 esset,
1114 834 1192 907 lbin

120 947 319 1051 aQsellavit,
336 948 409 1048 ipse
423 947 548 1047 pariter
560 949 749 1048 Hyginum,
764 950 824 1050 qui
836 978 854 1021 a
867 947 1038 1022 nonnullis
1048 948 1195 1022 Alexan-

122 1064 242 1138 drinus
252 1062 390 1135 lubitua
399 1081 469 1149 est,
486 1062 563 1135 lbin
574 1063 743 1136 vocitaret
757 1063 1005 1137 Advertendum
1020 1081 1193 1164 preterea,

124 1179 215 1280 quod
225 1176 317 1252 lbidi
331 1205 407 1250 cusu
420 1177 552 1250 Nasone
567 1177 623 1276 jus
634 1195 760 1252 arctum
772 1177 1025 1252 necessitudinis
1037 1178 1193 1252 intemes·
1267 1238 1271 1258 .

123 1314 229 1385 strat,
246 1313 288 1368 ut
301 1323 344 1367 ex
358 1294 412 1367 bis
421 1292 558 1394 <liquido
576 1312 667 1395 patet
681 1325 689 1369 a

293 1433 408 1489 Desinet
415 1450 474 1486 esse
483 1434 555 1502 prius
566 1434 714 1487 contraries
724 1433 830 1504 ignibus
841 1434 955 1501 buntur,

337 1519 489 1587 ,Iunctaque
500 1537 562 1573 cum
574 1519 651 1573 Luna
662 1517 761 1575 tumim
773 1518 840 1574 sotis
851 1530 938 1595 erunt.

127 1631 254 1706 Deitde
270 1648 352 1731 pust
367 1635 496 1709 &obesos
510 1630 633 1720 multa,

296 1773 388 1844 Quam
399 1774 467 1827 mitt
477 1774 511 1828 sit
522 1784 628 1843 seeum,
639 1774 729 1843 positis
740 1792 800 1844 que
809 1776 968 1845 mmmmm
979 1777 1076 1844 arnis,
1195 1814 1198 1821 ·

326 1855 436 1921 Gratia,
449 1856 591 1911 commissis
604 1856 722 1926 improbe
734 1868 811 1927 rupta
826 1859 884 1911 tuis.

131 1972 202 2044 lloc
220 1986 274 2043 est
295 1965 394 2068 plane
416 1966 508 2067 qnod
525 1966 566 2039 de
582 1967 719 2067 Hygino
739 1967 920 2041 Suetonius
946 1984 1101 2042 testatum
1123 1968 1202 2052 reli-

132 2085 214 2185 quit.
229 2084 405 2156 Postremo
415 2109 517 2182 quum
526 2080 581 2153 ille
591 2081 761 2181 Hyginum
771 2082 949 2187 admodum
958 2110 1135 2183 pauperem
1151 2082 1203 2155 de·

131 2199 269 2273 cessisse
287 2197 411 2285 tradit,
432 2195 622 2294 conjectura
638 2222 710 2268 mea
729 2196 849 2268 mirum
869 2198 902 2269 iu
920 2196 1056 2269 modum
1081 2195 1200 2273 confir-

131 2331 239 2389 matur
248 2330 266 2401 ;'
274 2312 381 2389 Ibidis
398 2313 484 2387 enim
502 2328 730 2414 paupertatem
750 2310 894 2385 Ovidius
910 2310 981 2412 ipse
996 2309 1127 2400 innuit,
1142 2310 1203 2386 bac

131 2432 388 2534 imprecatione,
409 2460 509 2531 quam
526 2429 695 2504 Domitius
712 2458 779 2502 non
796 2430 966 2530 percepit:

294 2572 379 2626 Filius
391 2582 418 2625 et
430 2570 537 2625 Cereris
546 2571 645 2625 frustra
657 2572 704 2625 tibi
717 2590 824 2643 semper
835 2583 954 2639 ametur,
982 2612 984 2615 ψ

328 2657 515 2726 Destituatque
527 2666 584 2710 tuas
594 2675 676 2726 usque
688 2657 784 2727 petitus
796 2675 865 2726 opes.
892 2726 896 2733 ἡ

131 2770 301 2844 Nasouum
312 2768 523 2842 enimvotnm
533 2780 603 2854 est,
622 2785 661 2841 ut
672 2766 808 2855 Plutus,
828 2768 956 2841 Cereris
966 2786 999 2843 et
1009 2769 1086 2843 Iasii
1096 2770 1199 2857 lilius,

132 2889 187 2988 qni
197 2886 387 2961 divitiarum
403 2885 495 2957 Deus
503 2885 545 2957 ab
555 2883 700 2984 antiquis
708 2882 842 2957 babitus
852 2902 916 2971 est,
928 2885 1082 2961 molestas
1096 2888 1202 2962 Ibidis

131 3033 246 3105 preces
263 3031 440 3103 nunquam.
449 3000 614 3087 exaudiat,
634 3028 775 3100 eumque
788 3027 916 3099 semper
929 3000 1039 3103 inopia
1053 3002 1202 3079 laborare

134 3122 227 3194 sinat.
248 3122 283 3193 ls
300 3137 350 3194 est
366 3136 498 3204 autem,
517 3117 610 3216 cujus
633 3114 849 3216 mythologici
868 3113 945 3188 libri
966 3118 1114 3192 omnium
1134 3151 1204 3194 ma-

135 3240 235 3313 nibus
253 3238 323 3312 triti
342 3253 543 3339 supersunt,
568 3252 606 3307 ut
626 3236 742 3308 merito
760 3233 883 3309 sabulis
901 3236 987 3323 suis,
1005 3239 1098 3338 quasi
1123 3268 1203 3340 pro-

133 3355 353 3456 priis'armis‚
368 3350 511 3452 jugulari
529 3350 687 3425 videatur.
706 3354 830 3423 Annon
849 3350 982 3426 mirifice
1002 3354 1112 3429 omnia
1129 3386 1206 3430 con-

133 3472 294 3546 veniunt?
312 3472 475 3544 Caeterum
493 3467 636 3542 disticho
654 3467 807 3567 superius
829 3467 973 3542 adducto
995 3469 1203 3573 Cinyphius,

135 3586 168 3658 id
186 3606 250 3675 est,
269 3584 445 3659 Africanus
458 3611 478 3654 a
489 3581 654 3682 Cinyphe,
669 3580 809 3681 Libyam
823 3580 981 3672 alluente,
997 3586 1203 3675 nominatur,

138 3702 304 3802 quomodo
321 3701 429 3787 Juba,
448 3699 658 3773 Mauritaniae
674 3726 748 3787 rex,
767 3697 809 3771 ab
830 3697 943 3772 eodem
961 3701 1112 3791 Nasone,
1131 3703 1205 3781 Me-

137 3817 361 3919 tamorphoseon
380 3815 440 3889 lib.
459 3818 511 3888 V:

582 3931 761 4003 Numidasque
773 3933 901 4003 rebelles,

334 4019 551 4093 Cinyphiumque
563 4019 677 4081 Jubam3

135 4148 168 4205 et
182 4131 335 4207 Bocchus
352 4159 371 4204 a
387 4128 533 4202 Sidonio
543 4128 742 4227 Panegyrico
758 4127 960 4226 Majoriani:

649 4251 719 4306 Cum
732 4253 811 4307 divite
823 4274 883 4307 cera
936 4248 938 4254 '

332 4343 430 4412 Pinges
443 4339 570 4413 Cinyphii
580 4338 680 4408 captiva
692 4336 806 4406 Mapalia
820 4335 922 4390 Bocchi.
