3159 5134
378 552 437 615 108
705 552 744 614 P.
773 551 952 617 OVIDII
975 551 1110 617 VITA

367 707 461 776 rent,
478 687 678 785 eligerentur
693 720 712 764 a
729 690 994 784 magistratibus,
1011 719 1028 764 e
1047 689 1169 791 quibus
1186 687 1439 789 tribuniplebis

370 820 602 903 senatoresque
613 803 744 890 fierent,
765 806 824 906 qui
837 821 931 900 gesto
942 804 1112 877 tribunatu
1126 820 1183 877 aut
1195 803 1374 877 retinerent
1386 830 1438 877 se·

267 943 271 956 ·
368 919 535 992 natorinm
549 920 698 994 ordinem
709 923 736 995 si
746 921 888 1009 velient,
906 939 965 994 aut
977 921 1095 993 iterum
1112 919 1438 1021 redirentadeqnes·

368 1049 452 1106 trem
472 1043 493 1105 ¹.
518 1036 592 1106 Jam
608 1053 717 1110 autem
734 1054 849 1110 noster
864 1065 902 1110 ex
920 1036 1090 1136 equitibus
1106 1034 1289 1120 r'llmtn'bus,
1315 1035 1343 1108 si
1361 1035 1437 1136 quis

367 1175 531 1248 unquam,
550 1147 704 1250 pluribus
719 1171 795 1226 ante
804 1149 992 1253 predictam
1006 1149 1149 1247 Augusti
1166 1147 1270 1243 legem
1287 1149 1383 1223 annis
1395 1148 1439 1221 Io·

368 1263 516 1338 &lovena
535 1266 695 1340 induerat.
715 1268 789 1342 Alia
805 1268 944 1369 proinde
960 1268 1047 1341 ratio
1065 1265 1249 1369 quaerenda.

419 1379 637 1455 Casaubonus
655 1393 667 1421 ²
683 1401 792 1457 antem
806 1384 913 1459 fassus
927 1382 992 1456 sibi
1006 1383 1246 1483 incompertum
1263 1407 1351 1468 esse,
1369 1406 1437 1481 qno

371 1499 681 1600 tempore-coperit
706 1530 780 1576 mos
806 1500 861 1574 itte
885 1500 989 1575 latum
1011 1499 1140 1574 clavum
1162 1527 1238 1573 cnm
1254 1495 1341 1571 virili
1360 1512 1438 1592 toga

371 1614 543 1704 sumendi,
561 1616 713 1691 adfirmat
726 1635 834 1691 tamen
848 1615 932 1691 illud
943 1634 1069 1691 eertum
1078 1641 1169 1701 esse,
1180 1615 1227 1689 ita
1235 1640 1354 1714 nempe
1365 1611 1438 1686 beri

331 1755 334 1761 ’
370 1728 505 1804 solitum
530 1732 565 1805 in
593 1732 855 1834 splendidiorum
878 1734 1028 1835 equiturn
1049 1731 1187 1821 liberis,
1214 1750 1313 1834 atque
1334 1729 1370 1803 id
1385 1758 1439 1804 ar-

371 1875 471 1941 guere
490 1848 582 1949 quod
601 1849 743 1925 Ovidius
767 1850 807 1923 de
833 1878 868 1924 se
891 1867 1003 1925 narrat
1018 1850 1099 1938 boe,
1117 1875 1215 1950 quern
1238 1865 1436 1933 metamus,

369 1959 452 2036 loeo.
469 1964 622 2061 «Quod,
638 1965 701 2052 ait,
720 1966 843 2041 sactum
855 1995 926 2042 esse
939 1984 1064 2042 certum
1077 1984 1129 2041 est
1141 1965 1240 2040 tertio
1252 1960 1301 2038 vel
1317 1979 1435 2062 quarto

372 2112 390 2144 »
409 2108 495 2155 anno
520 2083 649 2156 circiter
673 2101 753 2184 post
776 2083 918 2179 Augusti
937 2083 972 2156 in
995 2082 1112 2158 urbem
1134 2081 1278 2157 redium
1302 2108 1321 2152 a
1346 2078 1434 2150 victo

372 2230 389 2261 u
410 2200 580 2287 Antonio,
603 2235 619 2266 »
639 2201 673 2273 id
690 2220 759 2288 est,
775 2230 864 2276 anno
881 2204 924 2275 U.
943 2202 981 2276 C.
998 2219 1187 2287 ltccxxttl,
1202 2198 1253 2274 vel
1267 2214 1434 2299 sequente.

370 2315 456 2389 Dein
472 2315 587 2391 addit:
610 2352 627 2381 «
644 2317 719 2391 Sine
730 2346 770 2391 ex
783 2318 928 2413 Augusti
945 2317 1199 2406 constitutione,
1218 2315 1286 2391 sive
1296 2342 1337 2388 ex
1349 2311 1437 2388 abus

373 2463 391 2494 »
410 2430 619 2531 imperatoris
642 2434 874 2522 innovatione,
899 2462 967 2508 non
985 2434 1031 2507 ita
1048 2432 1113 2508 fuit
1135 2432 1200 2506 boc
1221 2432 1275 2532 jus
1291 2432 1438 2532 promis·

374 2580 391 2610 »
412 2576 526 2636 enum,
537 2565 576 2621 ut
589 2549 657 2623 sine
668 2551 859 2645 cognitione
870 2551 1032 2653 principis
1044 2551 1197 2652 usurpari
1209 2568 1343 2653 posset:
1355 2550 1437 2652 quin

373 2699 390 2728 »
411 2682 521 2766 patres
541 2666 576 2740 id
594 2668 635 2741 ab
654 2695 692 2742 eo
710 2668 823 2744 liberis
838 2671 928 2756 suis,
952 2699 1036 2770 quos
1061 2670 1271 2744 destinabant
1290 2668 1435 2770 reipubl.

373 2814 390 2844 o
411 2781 713 2871 administrationi,
738 2786 906 2886 petebant.
929 2819 945 2849 »
967 2786 1021 2859 Ad
1038 2785 1183 2859 eamdem
1201 2786 1363 2888 principis
1382 2787 1438 2859 in-

371 2898 573 2996 dulgentiam
594 2899 650 2974 atii
672 2931 806 3004 quoqne
830 2901 919 2976 docti
947 2899 1010 2973 viri
1028 2899 1040 2939 ³
1058 2901 1136 2975 huic
1162 2901 1252 2976 nodo
1277 2901 1438 2978 solvendo

370 3033 561 3103 recurrunt,
580 3043 762 3117 omnesque
774 3016 916 3091 Statium
924 3043 992 3116 prae
1004 3015 1290 3116 primis‘advoeant
1303 3034 1436 3104 testem,

371 3131 429 3230 qui
445 3128 503 3202 lib.
523 3133 582 3218 w,
598 3130 685 3232 Sylv.
701 3149 786 3222 vm,
807 3133 871 3219 ait,
890 3159 973 3207 vers.
994 3131 1130 3232 59-62:

551 3286 657 3356 Quippe
668 3296 695 3340 et
707 3306 769 3356 opes
779 3295 807 3340 et
818 3287 893 3357 origo
903 3287 1012 3356 sinunt,
1024 3286 1073 3342 bae
1083 3288 1095 3324 ⁴
1106 3287 1226 3357 lampade
1238 3287 1323 3358 prime

550 3377 672 3431 Patritias
682 3377 780 3431 intrare
792 3376 876 3446 sores,
889 3378 940 3433 boe
950 3379 1019 3449 pube
1030 3379 1079 3433 sub
1091 3378 1158 3449 ipsa,

549 3465 578 3519 Si
590 3466 671 3520 modo
682 3487 765 3537 prona
776 3469 852 3522 bonis
862 3468 953 3523 invicti
965 3467 1076 3523 Caesaris
1088 3468 1173 3548 adsint

550 3557 684 3627 Numina,
698 3559 823 3614 Romniei
831 3559 914 3614 limen
926 3560 1029 3631 pulsare
1040 3570 1152 3616 senatun
1250 3569 1254 3575 '

403 3712 411 3741 ¹
427 3707 487 3761 Vid.
499 3708 581 3762 Dion.
592 3706 635 3763 lib.
646 3708 720 3775 LIV,
733 3729 790 3781 pag.
804 3713 852 3780 542
864 3720 891 3768 et
905 3712 961 3780 543.

401 3792 414 3823 ²
430 3791 491 3846 Not.
503 3791 532 3846 in
543 3793 619 3849 Suet
631 3794 700 3864 Aug.
713 3812 768 3865 cap.
781 3794 820 3850 38.

401 3874 413 3909 ⁸
428 3876 529 3933 Tbeod.
542 3879 644 3933 Marcii.
655 3890 710 3933 not.
721 3879 749 3933 in
763 3880 874 3936 Sueten.
888 3884 996 3953 Vesper,
1009 3903 1064 3955 cap.
1078 3905 1111 3950 η
1124 3882 1226 3938 Atberr.
1240 3881 1344 3938 Ruben.
1352 3880 1387 3936 de
1397 3883 1439 3938 Re

370 3961 471 4016 vestiar.
483 3963 527 4022 lib·
539 3964 569 4030 1,
581 3984 635 4034 cap.
652 3968 695 4032 ¹43
709 3963 803 4020 Oetav.
816 3966 920 4021 Fer-rar.
933 3969 1050 4026 Analect
1061 3990 1116 4043 cap.
1128 3990 1168 4025 ιο.

403 4045 415 4081 ⁴
432 4044 477 4102 sie
494 4046 585 4101 terunt
601 4048 670 4119 vulg.
682 4047 740 4102 cod.
752 4060 778 4103 at
794 4048 965 4106 Casanbonus
981 4054 1028 4105 hos
1044 4052 1122 4124 legit,
1135 4051 1173 4107 uti
1186 4063 1214 4107 et
1225 4070 1302 4107 versu
1317 4070 1372 4120 seq.
1391 4070 1444 4131 pro

370 4132 427 4183 doc.
439 4128 578 4186 Gerartius
589 4149 653 4184 vero
665 4134 732 4186 banc
743 4136 827 4186 ethos
839 4134 950 4190 restituit
958 4155 966 4198 ;
975 4134 1045 4205 quod
1058 4138 1209 4208 maguntin
1222 4157 1251 4193 re
1263 4136 1351 4193 critica
1362 4134 1444 4209 judex

372 4210 413 4265 Cb
425 4210 503 4266 Joan.
515 4212 587 4267 Frid.
599 4212 749 4269 Gronovius
759 4254 767 4284 ,
777 4215 896 4271 Diatribe
910 4217 938 4272 in
951 4216 1017 4273 Stat.
1029 4239 1054 4289 p.
1067 4221 1132 4286 aaa,
1145 4213 1278 4289 probarit,
1292 4219 1331 4274 uti
1341 4230 1369 4274 et
1377 4218 1442 4273 Alb.

373 4296 477 4352 Ruben.
491 4297 534 4352 lib.
547 4300 578 4366 Ι,
591 4318 645 4371 cap.
662 4302 691 4368 ¹4
704 4319 710 4353 ε
724 4298 863 4356 Gerartius
875 4301 926 4357 scil.
939 4303 1042 4358 censuit
1051 4343 1059 4373 ,
1069 4302 1184 4359 Statium
1192 4302 1242 4360 bac
1248 4302 1327 4375 Sylva
1335 4303 1441 4358 Mene-
