3159 5134
364 520 406 587 62
762 513 1046 583 EXCURSUS

363 654 463 731 rostri
477 654 669 728 aduncitate
681 682 741 754 per
759 682 829 729 eam
846 683 880 728 se
898 673 1025 756 partem
1044 652 1198 755 proluere
1215 654 1353 728 insitum
1371 672 1441 741 est,

305 774 310 785 '
370 800 435 871 qua
457 770 643 845 redduntur
667 769 820 844 ciborum
839 798 958 858 onera,
981 788 1021 844 ut
1042 771 1253 845 Minutianus
1281 799 1442 866 gramma-

367 887 452 960 ficus
461 887 551 988 apud
565 884 706 961 Coelium
716 885 963 983 Rhodiginnm‚
976 887 1088 990 Antip.
1105 886 1242 961 Lection.
1258 887 1318 961 lib.
1333 889 1439 965 XIU,

367 1033 438 1105 cap.
466 1032 480 1076 1
502 1034 510 1091 3
540 1001 710 1091 Alciatus,
732 1000 927 1076 Emdleruote
951 1001 1022 1091 863
1049 1000 1223 1090 Zarottus‚
1241 1021 1274 1077 ct
1291 1002 1444 1103 plerique

372 1123 659 1221 grammaticorum
674 1120 880 1207 existimant3
898 1149 959 1194 nec
978 1120 1094 1208 etiam,
1111 1119 1204 1222 quod
1224 1118 1356 1193 libellus
1370 1118 1444 1192 Cal·

368 1242 500 1316 limachi
515 1241 596 1315 diris
611 1258 644 1314 ct
662 1239 944 1314 exsecrationibus
955 1255 1040 1312 esset
1050 1238 1211 1325 refertus,
1226 1267 1297 1340 quae
1310 1265 1441 1338 serpen-

367 1362 452 1435 tium
472 1361 593 1443 instar,
615 1358 739 1460 quibus
752 1356 824 1431 Ibis
837 1358 998 1442 vescitur,
1016 1355 1234 1457 Apollonium
1252 1356 1444 1430 morderent

367 1503 404 1549 ac
423 1473 607 1548 lacerarent
634 1472 736 1571 (quae
757 1471 918 1545 sententia
937 1489 987 1545 est
1008 1468 1100 1544 Laelii
1118 1469 1270 1544 Bisciolae
1288 1470 1323 1562 in
1344 1470 1445 1544 Hon's

366 1590 539 1674 snbcesiui,
556 1588 616 1661 lib.
628 1590 755 1687 V‚cap.
773 1586 833 1682 18)
851 1618 860 1663 ε
878 1587 937 1660 sed
947 1604 984 1661 ut
997 1584 1215 1687 Apollonius,
1231 1588 1288 1687 qui
1300 1586 1443 1661 Alexan-

370 1705 486 1778 drinus
505 1720 596 1788 erat,
622 1700 733 1802 aliqua
759 1730 799 1775 cx
821 1717 914 1801 parto
932 1700 1142 1776 indicaretur.
1176 1700 1336 1797 Quamvis
1352 1702 1443 1776 enim

372 1819 528 1894 Rhodius
544 1816 727 1904 diceretur,
745 1815 1006 1890 Alexandrinum
1033 1833 1144 1892 tamen
1166 1817 1269 1893 luisse
1294 1816 1445 1919 prodidit

370 1934 502 2021 Strabo,
511 1932 570 2005 lib.
586 1933 679 2019 xlv,
691 1959 767 2032 pag.
784 1930 831 2023 45
841 1933 1028 2007 editionisa
1042 1933 1241 2007 Casauhono
1255 1932 1444 2027 recognitae,

369 2055 422 2127 his
439 2052 550 2127 verbis
568 2083 576 2125 ε
596 2058 748 2132 Διονύσιος
768 2055 800 2123 δὲ
823 2055 940 2149 ὁΘράξ
951 2109 963 2141 ,
978 2059 1026 2124 καὶ
1046 2041 1232 2132 Ᾰπολλώνως
1256 2059 1271 2124 o‘
1294 2057 1360 2131 τοὺς
1379 2038 1442 2147 Ᾰρ·

372 2180 515 2269 γοναύτας
536 2186 678 2256 ποιήσας,
693 2162 883 2268 Ᾱλεξανδρεῑς
896 2177 971 2266 μὲν,
986 2179 1140 2246 ἐκαλοῦντο
1153 2176 1185 2245 δὲ
1198 2163 1306 2246 l'o'dtot.
1322 2205 1339 2234 ι(
1354 2170 1443 2243 Dio-

371 2324 389 2357 »
410 2290 524 2390 nysius
536 2316 614 2361 vero
627 2288 755 2374 Thrax,
769 2304 803 2360 et
816 2287 1032 2388 Apollonius,
1044 2289 1344 2385 Argonauticorum
1358 2315 1443 2360 con-

373 2440 391 2473 »
413 2406 520 2491 ditor,
538 2402 754 2478 Alexandrini
776 2404 909 2503 quidem
930 2404 1082 2492 fuerunt,
1100 2405 1157 2480 scd
1178 2403 1339 2478 nominati
1363 2420 1443 2476 snut

373 2556 392 2588 u
412 2519 581 2595 Rhodii.»
602 2510 785 2601 Ᾱπολλώνιος
796 2520 916 2594 Suidas
930 2552 939 2596 τ
955 2512 1150 2622 Ᾰλεξανδρεὺς
1165 2530 1242 2596 ἐπῶν
1251 2530 1368 2603 ποιητὴς
1378 2524 1443 2591 δια-

371 2648 475 2741 τρίψας
487 2647 515 2711 ἐν
530 2630 633 2734 Ῥόδῳ,
646 2646 708 2720 υἱὸς
720 2646 854 2718 Σιὶλέως.
869 2641 952 2713 ltcm
960 2669 1144 2743 anonymus
1156 2659 1281 2727 auctor,
1292 2640 1348 2741 qui
1361 2639 1442 2711 scri-

374 2759 529 2860 psityivoc
546 2741 789 2829 Ᾱπολλωνιόυτοῦ
804 2751 921 2830 Ῥοδίου·
935 2785 1125 2858 quanquam
1134 2756 1296 2844 AElianus,
1311 2756 1348 2829 dc
1360 2757 1443 2830 Am·-

372 2871 516 2955 mula'bus‚
534 2869 592 2944 lib.
604 2872 679 2958 XV,
688 2901 758 2972 cap.
772 2871 838 2959 23,
857 2899 931 2944 eum
946 2870 1171 2945 Naucratitam
1184 2869 1289 2944 lacere
1302 2868 1439 2943 videtur.

342 2986 345 2991 ’
373 2988 438 3061 Sed
447 3006 617 3089 utcunque
627 3006 690 3074 est,
702 2989 870 3089 AEgyptus
881 2987 984 3089 patria
997 2985 1257 3061 luit:Nancratis
1265 2986 1351 3060 euim
1359 2987 1441 3063 urbs

374 3120 424 3176 est
436 3103 587 3203 AEgypti.
607 3102 834 3200 Quamobrem
851 3101 951 3199 longe
965 3101 1247 3189 falliturJoannes
1259 3104 1440 3191 Meursius
1458 3101 1468 3121 ⁸

375 3220 448 3322 qui,
461 3220 660 3324 «Syringmute
669 3217 709 3291 de
721 3220 916 3320 Apollomi's,
932 3248 995 3321 pro
1009 3219 1146 3294 diversis
1158 3214 1263 3293 habet
1270 3217 1441 3293 Rhodium

374 3351 408 3408 et
423 3331 685 3408 Alexandrinum
698 3390 707 3421 ,
720 3331 812 3406 Sillei
823 3332 949 3422 lilium,
965 3334 1022 3436 qui
1034 3333 1248 3408 Eratostheni
1260 3334 1294 3404 in
1304 3332 1441 3405 Alexan·

375 3452 478 3526 drinae
501 3446 713 3524 bibliotheca
731 3450 925 3551 praefectura
946 3452 1114 3525 suecessit.
1139 3448 1284 3523 Ovidius
1308 3465 1439 3535 autem,

376 3566 567 3647 Callimachi
590 3567 742 3669 exemplo
758 3568 927 3642 inimicum
945 3596 1041 3643 suum
1060 3570 1137 3642 lbin
1155 3565 1336 3669 appellasse
1351 3567 1441 3641 vide·

376 3705 446 3773 tur,
465 3684 741 3786 quemadmodum
757 3685 889 3760 Tullius
907 3685 1085 3759 Orationes
1102 3714 1178 3760 snas
1190 3687 1223 3758 iu
1237 3684 1443 3773 Antonium,

377 3801 612 3879 Demosthenis
636 3801 835 3887 imitatione,
854 3799 1059 3903 Philippicas
1076 3801 1261 3902 inscripsit,
1278 3800 1327 3873 uti
1346 3800 1444 3873 etiam

375 3919 507 4011 Trogus
523 3916 701 4014 Pompeius
714 3915 871 3989 historias
880 3944 973 4004 suas,
988 3915 1194 3990 emulatione
1209 3915 1441 4018 Theopompi,

376 4036 435 4137 qui
457 4033 666 4135 Philippicas
683 4033 866 4133 scripserat.
896 4033 961 4108 Sed
979 4035 1084 4130 magis
1102 4052 1205 4110 estut
1222 4035 1350 4108 credam
1373 4038 1441 4108 N'a-

376 4151 467 4227 sonis
484 4151 704 4225 adversariuru
720 4150 826 4223 lbidls
843 4149 977 4225 nomine
993 4151 1221 4248 designatum,
1239 4151 1327 4253 quod
1346 4152 1375 4223 is
1390 4179 1441 4224 re·

375 4297 449 4343 vcra
462 4267 639 4370 AEqyptius
649 4284 754 4359 esset,
768 4296 834 4368 qua
847 4266 932 4343 dere
943 4266 1097 4369 ¹sequenti
1109 4270 1216 4371 capite
1226 4268 1440 4342 disseremus:
