3159 5134
430 552 500 619 ET
524 554 904 624 PRAEFATIONES.
1138 556 1200 623 301

129 695 299 781 rationes,
317 720 410 795 quae,
424 710 545 795 prater
558 694 719 771 hacteuus
728 694 873 785 adlatas,
890 696 933 770 ad
946 694 1137 772 istiusmodi
1152 697 1205 771 sa-

129 808 288 884 bularum
311 824 498 882 commenta
518 808 647 908 primos
669 809 891 912 philosophos
915 808 1069 884 videntur
1096 810 1207 912 impu-

132 924 222 999 lisse.
232 923 325 997 Inter
334 950 435 1024 quas,
451 939 531 997 suut
544 924 601 1024 qui
617 952 685 998 non
697 942 897 1026 postremam
909 924 1012 999 fuisse
1020 940 1208 1015 autument,

134 1057 324 1142 respectum
342 1037 540 1141 prestantia
558 1067 596 1112 ac
613 1039 800 1116 nobilitatis
824 1040 1052 1128 scientiarum,
1073 1068 1156 1142 quas
1174 1040 1210 1113 in

133 1152 256 1250 vulgus
280 1150 400 1253 prodi,
422 1169 523 1254 atque
542 1153 699 1229 omuibus
722 1152 893 1257 patefieri,
918 1153 1010 1230 nefas
1032 1155 1207 1256 putabant.

134 1269 251 1366 Quum
267 1268 355 1342 enim
373 1266 536 1343 occultam
564 1267 825 1371 philosophandi
847 1270 1008 1346 rationem
1032 1270 1140 1345 Graeci
1164 1268 1207 1345 ab

135 1386 305 1488 AEgyptiis
318 1384 527 1488 adcepissent
534 1444 545 1476 ,
559 1387 817 1490 haudquaquam
830 1387 1008 1466 volucrunt
1030 1416 1082 1463 res
1103 1389 1210 1464 admi·

135 1502 260 1580 rabiles
275 1503 312 1578 in
328 1501 450 1598 vulgus
465 1502 642 1604 profanum
661 1504 765 1592 exire,
784 1504 877 1606 quod
893 1503 945 1579 vel
963 1503 1029 1579 iltis
1045 1533 1113 1580 non
1132 1506 1210 1581 satis

137 1617 305 1721 perceptis
322 1645 340 1690 a
359 1617 481 1718 pietate
497 1616 700 1692 desciturum
716 1635 803 1706 erat,
822 1617 875 1692 vel
891 1618 1012 1693 mentis
1029 1618 1211 1694 hebetioris

67 1807 69 1810 .
136 1734 218 1809 vitio
236 1733 366 1810 easdem
382 1733 647 1837 depravatorum.
667 1733 958 1830 Quemadmodum
972 1734 1060 1808 enim
1076 1735 1207 1820 vinum

137 1848 351 1949 quantumvis
369 1876 582 1942 generosum,
600 1843 693 1921 doliu
712 1847 860 1922 infusum
880 1876 951 1921 non
970 1848 1117 1936 siucero,
1134 1877 1212 1924 coa-

139 1964 241 2039 cescit
252 1980 353 2064 atque
368 1963 616 2066 corrumpitur:
631 1963 677 2037 ita
689 1962 862 2050 doctrina,
880 1962 990 2036 animo
1003 1962 1159 2038 imbibita
1169 1963 1213 2037 ad

138 2076 383 2179 percipiendam
393 2074 483 2151 illam
491 2105 609 2179 parum
619 2075 786 2163 defaecato,
796 2075 903 2150 labem
913 2076 1090 2154 contrahit.
1106 2078 1212 2175 Quod

139 2221 218 2269 sane
232 2223 296 2268 usu
310 2193 436 2271 venisse
445 2194 607 2296 apertiore
619 2193 675 2268 illa
687 2192 954 2295 atqueomnibus
969 2193 1120 2294 exposita
1131 2192 1211 2296 pbi-

138 2305 340 2410 losophandi
356 2309 505 2400 ratione,
526 2326 666 2384 testatur
682 2328 861 2385 consecuta
878 2337 949 2385 eam
965 2307 1213 2412 disciplinarum

138 2424 345 2528 depravatio,
363 2455 437 2529 qna
452 2454 612 2528 processu
640 2426 818 2527 temporis,
836 2426 982 2503 scientiis
1000 2426 1158 2529 paulatim
1175 2457 1213 2506 ex

140 2539 216 2613 rudi
231 2540 266 2613 in
282 2540 399 2616 rudius
416 2541 588 2637 ingenium
611 2542 706 2641 quasi
727 2570 789 2642 per
808 2568 926 2617 manus
942 2541 1092 2630 traditis,
1108 2542 1215 2640 major

14 2741 18 2748 Ι
138 2653 175 2727 in
187 2652 261 2742 dies
270 2656 384 2744 evasit,
394 2655 544 2758 adeoque
555 2656 693 2731 adaucta
703 2673 771 2745 est,
784 2673 946 2732 utnostra
956 2674 1051 2731 aetate
1060 2657 1113 2737 titt
1125 2656 1216 2739 smel

140 2765 281 2872 aliquod
296 2802 423 2849 memm
441 2792 542 2876 atque
557 2775 729 2849 vintactum
753 2775 897 2875 repetire
920 2775 965 2848 sit
986 2775 1021 2847 in
1043 2792 1212 2877 promptu.

143 2888 314 2986 Quocirca
326 2890 413 2964 hanc
430 2890 652 2965 doctrinarum
667 2888 890 2991 corruptelam
905 2891 1075 2980 evitaturi,
1092 2919 1152 2993 per
1165 2892 1212 2966 b-

138 3001 238 3078 bulas
254 3003 487 3108 philosophati
504 3023 694 3107 coepernnt,
714 3005 897 3109 harumque
914 3008 1149 3105 integumentis
1162 3037 1214 3084 sa·

142 3121 274 3221 pientiae
283 3124 438 3225 mysteria
449 3122 588 3199 mirifico
601 3117 740 3198 artificio
748 3123 949 3201 abdiderunt
960 3160 967 3202 :
980 3154 1052 3229 qua
1065 3113 1215 3228 paterent

144 3256 243 3338 atque
256 3238 354 3324 obvia
371 3258 480 3316 essent
492 3240 661 3336 castigatis
675 3241 983 3340 duntaxatingeniis
994 3302 1004 3333 ,
1016 3244 1216 3348 minimeque
1231 3323 1233 3329 ,
1303 3319 1306 3328 ,
1323 3339 1333 3362 .

146 3353 191 3442 ad,
209 3353 442 3433 adulterandas
470 3355 544 3433 illas
564 3384 602 3430 ac
628 3359 899 3435 contaminandus
921 3361 1129 3462 comparatis.
1160 3360 1215 3435 Ad

143 3473 399 3549 conservandam
413 3473 518 3570 igitur
532 3474 619 3549 banc
631 3473 856 3577 philosophie
869 3474 1005 3550 illibate
1020 3477 1213 3578 puritatem,

143 3589 371 3666 adhibuerunt
388 3593 485 3667 etiam
502 3593 642 3668 alterum
664 3592 867 3681 remedium,
886 3594 978 3694 quod
995 3592 1062 3668 illis
1078 3594 1219 3682 accessit

143 3707 185 3782 ab
203 3708 354 3785 oratione
375 3736 570 3797 numerosa,
594 3738 631 3784 ac
648 3708 770 3811 pedum
788 3706 929 3784 vinculis
949 3705 1118 3805 adligata,
1142 3738 1215 3811 qme

144 3830 320 3929 poetarum
337 3844 389 3902 est
404 3827 551 3929 propria.
579 3824 949 3914 Existimabautenim,
968 3827 1059 3927 qnod
1074 3854 1127 3901 res
1142 3845 1216 3915 est,

143 3943 329 4019 doctrinam
347 3943 387 4018 tle
405 3961 522 4020 natum
531 3998 545 4041 ,
558 3943 725 4043 rebusque
740 3940 899 4031 occultis,
917 3971 981 4018 nna
998 3972 1072 4018 cum
1085 3973 1215 4018 morum

143 4059 273 4134 ratione
288 4060 455 4147 universa,
473 4057 624 4133 versibus
647 4058 933 4161 comprehensam,
951 4089 1019 4134 non
1042 4060 1143 4134 modo
1163 4086 1215 4133 ar-

145 4177 232 4253 ctius
257 4178 420 4252 memorie
437 4176 575 4253 infixum
591 4176 655 4263 iri,
673 4175 731 4249 sed
748 4176 846 4250 etiam
865 4177 1025 4278 temporis
1041 4176 1215 4276 iujuriam,

146 4295 239 4395 quud
257 4294 368 4383 omnia
390 4312 499 4374 mutat
512 4311 613 4396 atque
630 4281 757 4384 abolet,
775 4293 887 4399 miuus
901 4293 937 4368 in
954 4293 1043 4370 illam
1058 4295 1140 4392 juris
1155 4293 1216 4366 ha-
