3159 5134
348 505 408 588 184
677 506 715 568 P.
743 503 921 572 OVlDll
947 502 1080 568 VITA

344 673 447 747 quum
461 645 525 745 jam
544 659 684 745 quartano
703 642 809 719 exsilii
827 659 1004 718 ammaum
1015 641 1174 731 vidisset,
1189 671 1228 717 ac
1244 657 1355 744 quarto
1365 643 1415 717 la-

345 763 463 859 ligaret
475 759 592 865 lycius,
612 760 777 833 utilusius
790 759 916 833 adeum
929 788 1052 833 annum
1065 758 1270 834 docebimus.
1289 759 1416 859 Hyems

344 880 473 967 autent,
492 907 566 979 quoe
577 877 671 952 illum
686 894 798 953 secuta
811 895 863 952 est
874 878 1096 978 uiomphum‚
1111 876 1178 950 diei
1189 892 1299 977 quana
1307 874 1414 952 exsilii

342 994 500 1072 ovidiani
516 994 653 1095 nequit,
670 993 735 1068 nisi
754 996 878 1067 Noster
897 1019 985 1066 anno
1010 993 1053 1064 U.
1070 992 1116 1066 ‘C.
1144 1009 1311 1079 ncctxtl,
1328 989 1413 1065 rele-

344 1130 441 1205 gatua
458 1111 567 1185 luerit.

393 1228 426 1321 4.
444 1227 598 1328 Denique
611 1227 678 1301 hoc
688 1221 1200 1328 ipsumdcmunstratnrexbello
1215 1222 1415 1296 Germanico

344 1341 470 1417 cladem
485 1343 523 1416 V
521 1343 658 1417 anuum
667 1361 800 1430 secuto,
811 1343 905 1441 cujus
915 1344 1005 1415 Naso
1013 1340 1165 1415 meminit
1172 1338 1275 1413 'frist
1289 1335 1350 1410 lib,
1363 1338 1414 1423 Π,

346 1483 444 1562 quem
467 1461 577 1535 statim
607 1487 644 1534 ac
672 1460 714 1534 ad
746 1459 854 1534 exsilii
877 1457 988 1532 locum
1012 1473 1233 1558 pervenerat,
1259 1455 1415 1550 Augusto

338 1578 498 1679 scripsit,
522 1594 561 1651 ut
584 1575 673 1678 apud
699 1603 774 1650 eum
801 1604 860 1650 sua
885 1574 1066 1649 vindicaret
1090 1574 1247 1661 crimina,
1272 1602 1418 1675 quornm

343 1721 442 1768 causa
459 1690 642 1768 exsulabat.
669 1690 800 1766 lbidem
817 1690 905 1765 enim
927 1709 1005 1765 vota
1028 1719 1092 1792 pro
1107 1693 1173 1767 hoc
1190 1692 1340 1794 principe
1354 1691 1418 1764 Ti-

342 1810 505 1913 berioque
520 1810 685 1899 lundens,
702 1810 749 1886 ait
764 1838 848 1886 vero.
871 1807 1056 1911 169·178:

505 1967 551 2023 Sic
561 1967 668 2021 adsueta
679 1966 730 2020 tuia
741 1983 846 2034 semper
862 1968 976 2020 Victoria
985 1964 1075 2021 castri·

538 2062 614 2112 Nunc
624 2077 730 2129 quoquc
740 2077 768 2112 ce
780 2067 902 2128 prestet,
914 2057 1113 2127 notaqueuiguu
1125 2069 1212 2127 [κίεις

508 2153 703 2220 Ausom'amque
713 2152 802 2203 ducem
814 2148 895 2203 solitis
905 2148 1075 2204 circumvolet
1086 2148 1148 2216 alic,

541 2243 628 2295 Ponat
638 2252 666 2295 et
676 2241 703 2293 iu
715 2239 799 2294 nitida
809 2240 897 2293 laurea
908 2251 978 2293 aecta
985 2257 1061 2293 coma
1073 2260 1080 2303 ;

508 2331 562 2386 Per
571 2349 651 2400 quem
663 2334 729 2384 bella
738 2334 820 2397 mis,
837 2330 913 2399 cnjus
922 2349 990 2383 nunc
1000 2348 1110 2400 corpore
1117 2349 1232 2399 pupas,

542 2421 697 2490 Auspicium
707 2419 806 2474 culdaa
817 2420 932 2491 grande,
945 2420 1068 2491 Deosque
1081 2432 1155 2487 tuos3

509 2511 679 2581 Dimidioque
691 2513 730 2564 tul
743 2528 857 2581 pmcne
868 2531 911 2579 es,
926 2522 953 2566 et
964 2512 1073 2581 adspicio
1084 2512 1197 2579 urbem,

540 2601 659 2656 Dimidio
667 2606 760 2669 procul
767 2621 810 2669 es,
822 2621 940 2673 sevaque
952 2606 1021 2656 bella
1029 2608 1103 2672 certi.

509 2694 562 2751 Hic
573 2693 619 2746 tibi
630 2692 666 2747 cic
676 2692 767 2747 redcat
776 2703 894 2760 superato
905 2694 986 2748 vietor
997 2695 1029 2748 ab
1041 2698 1113 2750 hoste
1119 2735 1127 2760 ,

542 2783 626 2853 Inque
638 2783 769 2838 coronatis
778 2782 955 2856 fulgeat'altuc
966 2784 1048 2855 equit.

347 2928 433 3025 Qua
449 2925 536 3001 clare
553 2925 759 3023 significant,
777 2925 904 3003 bellum
921 2946 998 3003 tunc
1012 2931 1170 3033 temporis
1186 2912 1345 3021 seviisse,
1363 2933 1415 3007 id-
1489 2998 1494 3005 .

347 3074 411 3147 que
425 3063 552 3143 gestum
566 3074 584 3117 a
600 3045 634 3118 T
631 3044 741 3131 iterio,
764 3075 862 3147 quem
875 3048 1051 3123 Ausoniaun
1065 3047 1171 3122 duam
1183 3067 1295 3138 vocat,
1309 3068 1343 3124 et
1355 3079 1415 3152 per

346 3193 444 3265 quem
456 3165 628 3260 Angustus
639 3164 669 3236 ei
684 3163 806 3238 dicitnr
817 3164 941 3239 dimidio
951 3169 1003 3239 sul
1008 3194 1146 3266 praseae
1155 3168 1247 3255 urbi,
1258 3197 1296 3243 ac
1302 3169 1419 3269 procul

345 3309 427 3356 savo
442 3281 525 3355 bellu
534 3310 647 3382 gerere.
669 3281 751 3378 Ejus
768 3309 886 3383 nempe
909 3280 1036 3356 dimidiu
1053 3311 1130 3384 pars
1150 3302 1220 3359 erat
1234 3283 1414 3370 Tiberius,

347 3397 439 3501 qnod
449 3399 477 3471 is
486 3398 550 3496 jam
561 3398 604 3470 ab
618 3427 669 3473 au.
685 3399 727 3471 U.
743 3399 780 3473 C.
796 3416 960 3485 nccth,
978 3399 1020 3473 ab
1030 3401 1183 3496 Augusto
1195 3398 1303 3475 fuerat
1315 3401 1415 3502 adop·

346 3531 445 3587 tatus.
464 3511 560 3585 Unde
578 3515 701 3585 Noster
716 3513 867 3614 superius
886 3512 925 3586 de
939 3511 998 3587 illo
1015 3543 1074 3588 ceu
1093 3513 1191 3613 hujus
1208 3513 1278 3588 lilio
1294 3542 1333 3589 ac
1350 3515 1414 3589 im-

346 3631 429 3733 perii
445 3624 564 3705 herede
582 3629 762 3717 cecinerat,
777 3657 860 3703 vers.
884 3627 950 3700 165
969 3648 1001 3704 et
1023 3628 1114 3704 166:

506 3778 609 3848 Sospite
619 3779 656 3832 sic
667 3789 692 3832 te
703 3778 824 3831 situatas
835 3796 938 3848 quoque
951 3798 1038 3850 coepes
1048 3800 1055 3845 3
1067 3789 1094 3833 ct
1107 3780 1170 3835 olim

542 3870 688 3938 lmperium
698 3879 771 3940 regat
782 3869 833 3924 hoc
844 3888 905 3924 cunt
915 3871 1018 3927 seniore
1028 3890 1116 3925 senex.

344 4010 433 4086 Illud
446 4029 556 4086 autem
570 4011 696 4086 bellum
710 4013 745 4086 in
760 4012 945 4099 Genoumu,
969 4032 1004 4089 et
1016 4014 1152 4116 quidem
1164 4031 1244 4115 post
1258 4012 1302 4086 V
1294 4014 1345 4089 uri
1353 4011 1415 4087 cla·

345 4129 435 4216 dem,
453 4146 581 4221 gestum
599 4126 719 4218 luisse,
736 4128 843 4231 liquet
860 4159 899 4207 cx
920 4131 1021 4208 Trict
1043 4132 1102 4207 lib.
1128 4131 1312 4230 1113Eleg.
1338 4150 1414 4219 ΧΠ,

346 4245 521 4347 (proximo
534 4245 709 4349 primoque
720 4274 794 4322 vere
810 4267 890 4351 post
903 4249 1017 4327 Ovidii
1029 4249 1265 4348 relegationem
1274 4249 1414 4351 scripta,
