3159 5134
354 556 419 600 220
684 539 724 603 P.
755 536 933 606 OVIDII
957 539 1091 606 VITA

354 691 394 748 ut
410 672 551 748 Ovidius
566 675 632 749 hoc
649 673 744 766 loeo,
761 705 830 750 non
846 704 940 752 secus
956 704 993 751 ac
1009 694 1140 752 centum
1157 674 1231 751 aliis
1249 686 1271 762 ¹,
1289 679 1424 772 Augus-

358 807 428 862 tum
440 788 503 863 sub
517 789 730 900 Dea‘nomine
743 790 911 889 indigner,
927 822 1024 896 quem
1034 790 1209 881 uatealios,
1220 809 1253 866 et
1262 793 1427 895 praecipue

359 905 500 981 coluerit
525 907 737 983 Messalinus.
756 910 856 984 Hune
877 911 963 985 euim
985 937 1119 986 sensum
1123 926 1228 1019 potus
1251 927 1426 985 contextus

359 1023 508 1123 requirit.

408 1142 477 1219 lttu
487 1173 564 1219 vero
575 1146 633 1247 pair
644 1147 768 1247 proles,
789 1176 864 1249 quae
880 1176 957 1224 cum
972 1149 1153 1225 Messalino
1175 1149 1314 1251 aliisque
1332 1147 1428 1222 duci·

360 1259 426 1334 bus
442 1261 614 1337 Tiberium
631 1264 667 1336 in
682 1292 807 1366 pompa
823 1265 1018 1368 triumphali
1045 1285 1221 1368 prosecuta
1244 1282 1314 1351 est,
1337 1262 1430 1337 nulla

363 1394 449 1451 certe
465 1377 551 1467 alia,
578 1398 796 1482 preterquam
817 1382 1050 1457 Germanicus
1069 1384 1207 1458 Tiberio
1227 1383 1429 1484 adoptatus,

364 1496 545 1597 Drusoque
556 1515 691 1598 parente
705 1498 863 1587 naturali,
881 1500 930 1574 uti
943 1518 978 1574 et
990 1499 1097 1574 titulis
1111 1500 1343 1574 nominibusve
1358 1497 1432 1573 Cae-

364 1612 441 1684 sun's
457 1639 495 1685 ac
513 1613 691 1687 Gennam'ci
710 1614 840 1709 dignus.
869 1616 910 1690 Ei
936 1617 1044 1704 enim,
1071 1634 1108 1691 ut
1126 1617 1226 1692 habet
1242 1617 1309 1689 Dio
1328 1625 1358 1701 ²,
1375 1614 1433 1688 de-

367 1746 453 1837 creta
479 1749 558 1804 suut
579 1731 708 1831 insignis
727 1730 923 1829 triumphabit
940 1733 1045 1833 (quod
1060 1749 1091 1807 et
1106 1733 1175 1806 atati
1195 1733 1284 1806 etiam
1306 1729 1435 1805 duatus

367 1840 510 1939 ἅσίωπ),
524 1871 562 1917 ac
570 1846 713 1945 pruteni
726 1844 864 1920 heroem.
885 1847 972 1919 Hinc
989 1847 1082 1948 quod
1099 1846 1258 1933 Ovidius,
1277 1844 1384 1947 Epist.
1399 1864 1434 1931 t,

368 1960 476 2049 cauit,
494 1960 530 2034 in
550 1962 663 2038 eadem
688 1962 848 2065 triumphi
874 1991 997 2065 pompa
1023 1962 1252 2040 Germanicum
1274 1989 1351 2036 suas
1375 1961 1434 2035 ha-

368 2077 481 2152 buisse
499 2098 627 2180 partes,
644 2108 727 2153 vers.
747 2081 794 2180 lq
810 2097 844 2153 et
864 2077 931 2154 50:

533 2251 646 2305 Pertulit
657 2251 708 2305 huc
718 2250 790 2304 idern
802 2252 895 2318 nobis,
911 2254 1073 2315 Germanice,
1094 2272 1187 2307 rumor

568 2342 674 2414 Oppida
685 2344 733 2396 sub
743 2348 817 2397 titulo
826 2348 934 2396 nomiur's
946 2348 994 2397 isse
1005 2348 1049 2397 tui.

372 2490 419 2560 At
434 2468 597 2571 Drusum,
622 2486 749 2560 Tiberii
764 2486 869 2562 lilium
888 2487 1089 2577 naturalem,
1113 2517 1178 2562 uua
1190 2516 1336 2589 >qnoque
1362 2515 1438 2562 eum

373 2621 467 2705 patre
493 2602 735 2704 triumphasse,
753 2633 793 2678 ex
811 2604 920 2678 Dione
937 2604 1019 2679 disci
1036 2631 1206 2707 perperam
1222 2604 1344 2679 adserit
1364 2603 1440 2679 lau-

276 2715 283 2727 ’
374 2719 470 2794 datus
478 2719 550 2793 Nic.
560 2720 729 2795 Heinsius.
744 2720 811 2794 Dio
824 2722 910 2795 euim
923 2721 1025 2795 modo
1038 2739 1165 2810 narrat,
1183 2722 1349 2797 decretum
1360 2739 1439 2796 tunc

375 2836 485 2912 Dntso
497 2835 618 2924 fuisse,
637 2837 728 2910 etst't's
740 2837 770 2909 iu
783 2837 860 2911 belli
868 2837 1179 2939 uullupurtesuerat,
1199 2838 1272 2911 utris
1282 2852 1437 2923 seratura,

370 2951 548 3052 pnissquum
567 2953 695 3026 allectus
709 2952 739 3024 iu
758 2980 827 3027 eum
845 2952 979 3026 ordinem
999 2968 1090 3038 esset,
1115 2952 1250 3037 veniret,
1269 2968 1330 3027 ete.
1350 2950 1442 3027 nulla

376 3065 417 3139 de
435 3065 604 3169 triumpho
623 3067 789 3141 mentione
806 3067 899 3141 facta.
988 3141 990 3145 ,

424 3195 577 3295 Denique
594 3212 710 3269 nutare
725 3212 794 3283 est,
817 3193 963 3269 eamdem
978 3193 1087 3295 Epist.
1110 3212 1139 3268 11
1159 3192 1262 3300 lyme
1283 3194 1441 3294 scriptam

377 3310 495 3401 luisse,
512 3311 651 3386 indicari
668 3341 751 3387 vers.
771 3309 907 3413 93-96:

521 3506 523 3512 ⁸
539 3486 657 3555 Felices,
669 3487 762 3557 quibus
774 3485 822 3541 hos
833 3485 905 3540 licuit
914 3496 1030 3554 spectare
1043 3486 1209 3557 triumphos,

576 3580 612 3633 Et
624 3577 696 3632 ducis
709 3597 755 3632 ore
768 3577 841 3632 Deos
851 3577 1028 3647 equiparante
1039 3577 1099 3631 frui.

545 3671 583 3725 At
593 3670 658 3724 mihi
671 3669 834 3724 Sauromatae
846 3687 895 3739 pro
908 3666 1072 3724 Cesarisore
1084 3668 1208 3737 videndi,

573 3763 709 3832 Terraque
721 3761 790 3832 pacis
802 3759 893 3831 inops,
907 3758 1032 3831 uncique
1042 3766 1129 3816 uincta
1136 3763 1203 3830 μὴ.

409 3933 417 3962 ¹
437 3928 538 3982 Preter
555 3927 611 3980 loca
628 3926 747 3996 superiru
766 3925 894 3995 iudicata,
907 3925 967 3983 vide
986 3925 1070 3996 ejusd.
1087 3926 1130 3983 lib.
1146 3925 1228 3998 Epist.
1242 3940 1296 3995 m,
1316 3943 1384 3989 vers.
1399 3926 1448 3991 us;

379 4012 460 4084 Epist.
472 4028 541 4078 vm,
554 4030 620 4066 vers.
636 4032 667 4077 a,
682 4013 713 4064 52
725 4049 733 4076 ,
746 4011 795 4082 75,
809 4020 858 4066 etr.

409 4106 422 4136 ²
437 4102 494 4158 Lib.
507 4102 589 4170 LVI,
603 4120 659 4172 pag.
671 4103 726 4155 582.
