3159 5134
330 567 333 578 ·
453 543 868 652 PERLMASSON.
960 598 965 609 .
1089 570 1195 618 ἰιι

124 702 203 786 post
217 698 358 785 sequem
373 682 444 770 die,
466 683 615 758 indutam
630 707 719 774 esse,
736 703 775 760 ut
791 713 900 786 opere
915 686 1058 786 pretium
1072 716 1138 763 non
1156 691 1201 765 sit
1226 691 1229 698 ’

125 828 249 875 senam
265 800 328 875 hac
345 800 438 875 dere
454 800 669 901 reciprocare:

172 920 222 990 Ea
234 918 523 1019 porronovissima
532 917 782 1006 observatione,
796 918 909 993 utboc
917 919 1055 1009 addam,
1074 921 1110 994 id
1120 949 1201 1022 quo

127 1061 189 1133 que
205 1034 293 1123 ruit,
313 1034 405 1135 qnod
428 1034 533 1110 eidem
551 1034 591 1107 cl.
610 1036 704 1122 viro,
729 1035 929 1110 Rubeninm
943 1056 1079 1126 secuto,
1097 1038 1146 1111 ita
1160 1035 1202 1111 li-

127 1149 265 1251 quidum
290 1150 485 1238 videbatur,
503 1169 543 1225 nt
561 1150 647 1225 nihil
665 1150 789 1247 magis3
817 1186 835 1216 κ
859 1152 1061 1227 Patn'trbrmn
1082 1182 1200 1256 nempe

10 1291 11 1296 ¹
130 1299 147 1331 >1
165 1264 254 1341 filios
268 1265 374 1342 latum
391 1266 518 1343 clavum
534 1286 680 1364 gestasse
697 1286 773 1342 ante
788 1287 899 1365 togam
914 1268 1040 1344 virilem
1059 1270 1094 1343 in
1111 1299 1202 1372 prae-

130 1413 147 1446 a
165 1400 271 1472 texta3
290 1383 454 1484 siquidem
465 1382 519 1458 dic
532 1383 678 1459 tirocinii
691 1384 838 1458 tunicam
851 1402 973 1460 rectam
986 1385 1068 1460 boni
1080 1386 1202 1461 ominis

130 1532 147 1564 »
164 1528 264 1574 causa
281 1499 483 1588 induebant3
501 1499 590 1573 unde
606 1501 763 1596 Angusto
780 1499 908 1576 virilem
923 1518 1035 1597 togam
1047 1501 1201 1576 induenti

129 1646 143 1676 a
163 1614 275 1688 tunica
288 1612 465 1702 laticlavia,
479 1644 551 1717 quae
560 1614 601 1690 ad
609 1614 710 1716 pedes
720 1612 811 1689 illius
823 1614 1004 1691 decidebat.
1018 1650 1035 1682 »
1051 1617 1200 1707 Etenim,

130 1729 266 1830 iuquam
283 1757 363 1825 ego,
383 1758 486 1830 quum
505 1731 684 1805 Suetonius
702 1739 709 1768 ¹
729 1730 870 1805 scribit:
888 1736 1055 1834 Augusto,
1075 1737 1208 1807 sumenti

128 1848 243 1920 oin'lem
266 1847 370 1922 tunica
390 1848 450 1922 tati
467 1848 548 1923 clavi
558 1908 566 1934 ,
592 1863 692 1924 resuta
709 1878 752 1922 cx
776 1864 902 1950 utruque
914 1866 1023 1949 parte,
1048 1849 1094 1925 ad
1106 1851 1203 1953 pedes

129 1963 237 2037 decidit
242 1995 256 2050 ;
279 1993 351 2039 non
376 1963 481 2061 magis
506 1966 604 2040 istam
626 1964 823 2039 sententiam
843 1965 958 2063 juvat,
979 1993 1077 2066 quam
1103 1966 1200 2040 aliam

129 2078 407 2169 existimantium,
421 2080 575 2181 patritios
584 2080 634 2153 uti
646 2096 824 2154 etcaetcros
837 2077 969 2152 nobiles
981 2107 1104 2180 pueros
1122 2108 1203 2154 non·
1299 2103 1302 2107 ·

130 2191 191 2265 uisi
207 2222 285 2266 cum
304 2209 381 2290 toga
403 2222 488 2295 pura
504 2193 609 2269 latum
624 2193 773 2276 induisse
796 2191 933 2272 clavum.
958 2193 1096 2294 Semper
1116 2211 1201 2267 certe

128 2311 212 2384 redit
231 2312 391 2413 questio,
410 2341 510 2414 quam
524 2342 563 2387 ex
577 2313 783 2398 cosuetonii
799 2312 875 2390 loeo
892 2311 1111 2392 Casanbonus
1126 2340 1202 2414 pro-

129 2428 258 2528 posuit;
278 2458 459 2531 quorsum,
477 2429 602 2506 scilicet
617 2430 683 2506 isto
700 2430 774 2506 loco
794 2450 826 2510 ct
844 2449 993 2535 tempore
1009 2459 1047 2510 ca
1068 2432 1198 2540 tunicq,

129 2543 190 2619 nisi
213 2543 266 2622 vel
286 2575 362 2621 cum
379 2545 466 2621 virili
482 2565 560 2644 toga
577 2565 663 2624 esset
679 2548 868 2640 induenda,
886 2548 938 2626 ve!
954 2578 1027 2628 cnm
1044 2567 1202 2651 praetexta

129 2656 321 2762 deponenda
332 2664 347 2736 ?
359 2664 475 2764 Neque
486 2664 654 2763 sequitur,
665 2665 858 2760 Augustum
869 2694 908 2740 ca
920 2666 1030 2740 tunica
1043 2664 1199 2742 indutum

130 2803 200 2849 cunr
220 2794 381 2878 praetexta
396 2779 431 2851 in
447 2781 571 2853 Forum
585 2778 638 2851 die
652 2778 797 2856 tirocinii
813 2781 962 2869 venisse,
979 2782 1009 2855 si
1025 2811 1065 2856 eo
1083 2782 1135 2857 die
1152 2800 1201 2856 tu·

130 2895 233 2970 nicam
264 2911 374 2971 rectam
399 2897 566 2973 sumserit.
584 2901 669 2972 Nam
695 2915 729 2971 et
751 2898 837 2971 hanc
861 2916 896 2971 et
923 2897 1103 2973 beilum
1130 2918 1200 2973 tum

129 3011 265 3088 inducre
281 3012 411 3115 potuit,
429 3014 458 3087 si
475 3042 541 3088 una
556 3013 658 3088 fuerit
675 3013 854 3115 eademque
873 3012 999 3102 tunica,
1017 3014 1070 3088 vel
1087 3014 1114 3090 si
1137 3015 1200 3089 du-

130 3126 203 3227 plex
213 3128 331 3203 induta
343 3130 405 3217 sit;
426 3159 530 3230 quum
543 3130 737 3213 alterutrum
751 3143 866 3204 eontra
877 3156 1002 3203 morem
1018 3156 1089 3204 esse
1101 3159 1199 3205 nemo

129 3241 289 3334 bactenm
305 3246 515 3346 probaverit.
544 3244 795 3344 Deindeqqqm
808 3243 1019 3334 ,Diodiscrte
1037 3245 1144 3319 nudat
1161 3256 1198 3335 ²,

130 3381 267 3464 propter
283 3362 349 3448 boc
372 3391 468 3454 omen
494 3362 616 3456 tunice,
635 3360 804 3449 laticlavia
824 3360 865 3438 ed
891 3362 993 3463 pedes
1022 3347 1201 3438 decidentis

130 3479 258 3555 Julium
274 3480 426 3556 retulisse
441 3481 639 3568 Octavium,
657 3480 714 3581 qui
728 3480 870 3581 posthac
883 3482 1076 3576 Augustus,
1094 3481 1129 3554 in
1142 3509 1202 3583 pa-

132 3597 265 3686 tricios3
280 3596 371 3671 baud
384 3598 465 3706 satis
478 3615 528 3671 est
542 3598 700 3673 Rubenio
717 3597 913 3699 Graerinqne
925 3598 1066 3674 Dionem
1079 3600 1201 3673 erroris

130 3740 285 3810 arguere,
299 3714 364 3790 nisi
374 3742 444 3789 rem
458 3714 552 3792 aliter
565 3743 599 3790 se
613 3715 754 3801 habere,
769 3713 834 3788 alio
847 3715 1047 3815 probassent
1059 3715 1202 3811 graviori

132 3832 342 3921 testimonio,
369 3835 461 3935 quod
484 3835 650 3910 tamenab
671 3832 739 3908 illis
760 3833 948 3910 adhucdum
965 3853 1200 3936 exspectamus.

131 3954 249 4054 Neque
267 3951 401 4027 tandem
418 3951 489 4027 ullo
506 3953 703 4027 confirmant
720 3968 821 4039 teste,
840 3950 936 4027 aliam
957 3953 1018 4027 bac
1037 3952 1124 4027 iure
1140 3980 1202 4054 pa·

130 4071 278 4146 mbbmm
291 4072 412 4158 fuisse,
432 4100 530 4172 quam
544 4089 735 4146 ceterorum
749 4068 915 4145 nobilium
929 4100 1107 4172 puerorum
1121 4100 1202 4146 cau-

164 4245 173 4274 ¹
193 4242 227 4296 lu
239 4242 308 4312 Aug.
319 4261 374 4312 cap.
386 4245 427 4315 94.

166 4331 176 4357 ²
194 4325 250 4379 Lib.
262 4325 350 4392 XLV,
365 4346 423 4396 pag.
435 4346 490 4394 ²7¹-
