3159 5134
478 512 577 579 PER
601 513 634 579 J.
661 509 888 578 Messon.
1158 514 1218 580 183
1295 512 1299 521 ’

145 672 302 742 exeunte,
317 682 386 754 quo
398 653 575 749 Augustus
586 648 801 726 nxsenitis
809 647 913 738 obiit,
933 649 1053 751 coepit,
1069 649 1121 724 uti
1132 668 1222 725 recte

144 773 392 849 illustrissimus
411 770 568 845 Norisius
589 769 753 844 observat.
775 771 900 844 Verum
927 766 1012 843 male
1033 768 1082 843 sic
1104 769 1221 845 exinde

144 887 385 964 ratiocinatur:
408 886 575 984 «Quare,
592 885 721 985 inquit,
738 885 879 987 primam
894 885 1045 985 hyemem
1057 885 1093 959 in
1103 885 1223 961 exsilio

148 1040 166 1072 »
184 1006 330 1095 Pontico
346 1004 417 1100 egit
434 1003 596 1089 Ovidius,
612 1030 667 1076 an.
683 1004 725 1076 U.
741 1002 779 1075 C.
796 1020 963 1090 ucetxtt,
980 1031 1084 1104 quum
1097 1033 1222 1106 prcca-

149 1153 166 1185 »
186 1118 322 1193 dentem
334 1117 486 1218 hyemem
501 1144 613 1192 mense
629 1113 797 1191 Decembri
811 1144 849 1190 ex
865 1115 961 1190 ltalia
978 1117 1166 1207 discedens,
1184 1119 1221 1195 in

150 1270 168 1304 s
186 1236 459 1332 longioxiitinerc
472 1234 538 1309 snb
551 1232 702 1310 custodia
713 1233 906 1307 inPontum
916 1232 1129 1335 deportatus,
1144 1265 1222 1311 con·

149 1389 167 1421 ²³
184 1371 351 1431 tumsent.
372 1386 389 1423 a

194 1468 353 1545 Profecto
369 1497 472 1571 Qum
489 1469 614 1545 Noster
634 1494 669 1541 se
685 1495 725 1541 co
741 1493 853 1541 mense
878 1467 1047 1542 Deccmbri
1062 1469 1222 1569 jactatum

146 1582 314 1661 Adntso'co
324 1583 408 1660 mari
421 1584 561 1671 scribat;
579 1582 661 1656 hinc
675 1579 829 1678 colligere
842 1580 891 1656 sas
907 1600 975 1675 est,
988 1609 1062 1658 eum
1074 1614 1145 1661 non
1158 1615 1220 1688 po·

148 1703 249 1779 tuisse
266 1702 382 1779 eodem
397 1730 509 1778 mense
526 1703 635 1776 Roma
650 1698 836 1785 discedere,
855 1700 1070 1812 Brundisium
1084 1721 1227 1803 petere,

147 1835 180 1894 et
196 1818 275 1893 inde
293 1816 431 1892 solvere.
449 1816 656 1916 Quinetiam
668 1843 811 1890 asserere
824 1813 921 1901 licet,
938 1845 1013 1891 eum
1026 1818 1094 1917 jam
1110 1819 1146 1893 in
1162 1849 1219 1896 ex·

147 1935 212 2010 sitii
229 1935 308 2010 loco
323 1935 426 2009 fuisse
442 1962 554 2011 mense
572 1960 738 2013 summum
753 1929 911 2009 londo
930 1952 1090 2021 exeunte,
1115 1954 1216 2037 atque

147 2052 229 2126 adeo
242 2048 384 2152 aliquam
393 2049 509 2150 prima
519 2047 649 2150 hyemis
660 2064 787 2148 partem
799 2046 835 2121 in
847 2048 960 2125 Ponto
974 2049 1131 2145 exegisse,
1145 2079 1218 2153 quae

147 2165 181 2239 in
197 2193 374 2240 numerum
393 2162 517 2239 ovidio
541 2163 653 2236 venire
671 2163 796 2237 debuit
824 2163 985 2237 herena
1002 2192 1095 2239 mens
1110 2184 1218 2267 poetae

147 2283 213 2360 iltis
226 2284 338 2358 verbis
356 2283 420 2355 suit
435 2310 472 2356 ac
490 2279 664 2356 consilium
681 2280 872 2371 ostendere,
893 2281 1052 2383 quamdiu
1070 2301 1140 2358 tum
1159 2313 1217 2359 ex·

148 2399 297 2475 sulasset.
311 2398 417 2500 Atqui
430 2426 547 2500 parum
559 2414 636 2499 apte
647 2396 681 2470 id
692 2396 896 2492 designaret,
909 2398 938 2473 si
951 2399 1086 2500 quidem
1100 2419 1217 2501 preter

146 2545 201 2591 sea
217 2513 294 2591 illas
309 2516 458 2617 hyemes,
476 2513 585 2590 aban.
600 2516 644 2586 U.
663 2513 700 2588 C.
719 2532 862 2589 lthLxlt
880 2516 1108 2616 precipitante
1123 2518 1228 2617 juxta.

146 2636 317 2711 Norisium
342 2650 559 2736 supputatas,
584 2631 797 2727 transegisset
822 2631 931 2704 adhuc
953 2632 987 2705 in
1016 2631 1121 2707 exsilii
1141 2632 1217 2709 loco

148 2755 294 2855 ejusdem
309 2754 387 2829 anni
404 2769 620 2853 autumnum,
634 2768 798 2839 astarem,
818 2779 855 2824 ac
869 2779 944 2836 ver,
959 2750 1060 2827 immo
1073 2751 1101 2824 si
1115 2781 1218 2828 unum

147 2870 290 2973 amplius
304 2896 427 2942 annum
443 2869 630 2964 integrum,
647 2865 690 2939 ah
704 2894 755 2939 an.
772 2883 901 2938 nccttss
918 2865 1111 2954 Decembri,
1124 2866 1217 2942 exsul

146 2988 273 3061 fuisset.
292 2987 409 3086 Itaque
427 2981 532 3057 multo
551 2981 758 3083 expeditius,
776 3008 814 3054 ac
831 2980 910 3054 huic
927 2978 1002 3055 loco
1019 2982 1218 3057 convenien-

148 3103 216 3178 tius
231 3120 284 3175 est
295 3100 419 3190 dicere,
430 3102 598 3174 Nasonem
610 3097 734 3171 ibidem
747 3096 947 3192 significare,
957 3096 1125 3198 hyemem,
1139 3117 1220 3201 post

148 3217 295 3314 Augusti
312 3218 481 3293 decessum
498 3216 647 3318 proxime
670 3213 918 3302 succedentem,
938 3240 1008 3288 esse
1028 3211 1132 3288 exsilii
1148 3242 1221 3287 sea·

148 3353 228 3425 tour,
248 3337 292 3410 ah
306 3365 345 3411 eo
356 3354 527 3438 tempore,
547 3362 615 3435 quo
626 3360 665 3406 ex
677 3330 760 3404 urhe
772 3332 881 3406 Roma
895 3330 1089 3406 discesserat
1101 3347 1220 3433 poeta,

148 3470 365 3542 numeratam;
375 3471 475 3554 atque
483 3450 606 3525 idcirco
616 3448 777 3523 Nostrum
787 3474 899 3521 revera
906 3475 959 3520 an.
971 3449 1013 3521 U.
1027 3448 1064 3522 C.
1076 3462 1222 3519 nccnxlt

150 3572 319 3646 desinente
336 3572 372 3645 in
387 3569 538 3647 exsilium
554 3565 693 3652 abiisse3
712 3562 984 3667 quandoquidem
1004 3578 1093 3641 sextu
1107 3563 1222 3665 hyems

150 3690 191 3765 ab
208 3718 298 3764 anno
312 3691 353 3763 U.
370 3689 408 3764 C.
429 3705 601 3763 ucetxvll
622 3699 759 3758 exeunte
776 3697 866 3755 retro
884 3698 1063 3782 supputata
1076 3709 1152 3755 cum
1166 3677 1223 3753 illa

149 3807 228 3881 anni
245 3823 387 3880 ocem!
404 3801 571 3877 coincidit.

199 3921 234 3997 3.
253 3923 347 3997 ldem
363 3938 456 4023 patet
472 3950 512 3996 ex
535 3917 663 3995 'liberii
687 3916 859 4018 triumpho
887 3913 927 3988 de
945 3914 1130 3991 Pannoniis
1147 3912 1228 3987 Dal·

151 4044 336 4144 matisque,
355 4068 443 4117 auno
456 4040 499 4113 U.
518 4040 556 4114 C.
575 4056 716 4113 Dcctxv
729 4036 939 4137 exspirante,
957 4052 996 4108 ut
1012 4033 1146 4134 ipsimet
1158 4029 1231 4105 cat·

151 4159 302 4234 visiusac
314 4157 484 4232 Norisius¹
497 4154 709 4243 concedunt,
723 4152 846 4240 ducto,
859 4167 893 4225 et
908 4167 1016 4254 poetae
1029 4163 1232 4234 memorato,

183 4310 193 4340 ¹
212 4305 254 4361 De
267 4304 366 4361 Cenot
377 4303 429 4360 Pis.
440 4323 497 4376 pag.
510 4302 569 4358 323.
