3159 5134
355 499 422 585 sss
702 496 1074 566 nrsseera‘rro

353 654 473 714 vocant,
489 637 602 703 eradere
618 660 677 699 non
688 650 842 716 potuerat,
858 638 903 698 vel
915 636 1075 720 neglexerat
1093 659 1102 695 :
1119 637 1186 697 dnm
1202 636 1253 698 illo
1269 660 1338 698 usus
1357 639 1423 699 ins-

352 758 497 810 trumento
508 743 661 806 coutetur
670 756 785 806 uasnu
796 744 938 818 tonnus,
952 764 986 803 ex
1000 755 1078 824 parre
1093 743 1218 803 uomuis-
1233 757 1423 807 seruaretur

354 874 418 935 (prae
430 850 611 913 solumnodo
630 849 780 911 monetarii
795 848 893 926 culpa,
910 871 962 910 seu
979 849 1168 933 negligentia,
1185 849 1292 932 inipso
1305 874 1424 913 nummo

352 978 485 1038 poecuna
500 956 630 1035 primitus
646 967 706 1016 erat
721 969 741 1013 ¹.
760 957 804 1015 Ex
820 953 1028 1033 posterioribus
1049 955 1168 1015 nimium
1187 954 1269 1017 istius
1292 957 1426 1019 vocabuli

353 1064 456 1126 lituro
469 1107 479 1136 ‚
494 1074 644 1137 sarens,
660 1062 735 1124 haud
749 1060 862 1122 difficile
873 1060 952 1123 vafro
966 1061 1075 1121 artificii
1090 1062 1145 1122 luit
1158 1076 1273 1126 ustus
1287 1065 1424 1142 scalpere

355 1171 466 1235 Dolum
475 1182 507 1230 ut
513 1169 629 1253 longius
643 1190 809 1251 prosequar,
825 1188 920 1246 operae
934 1168 1059 1247 pretium
1073 1191 1130 1230 non
1146 1181 1206 1240 cst,
1221 1194 1310 1250 quum
1323 1171 1423 1231 melius

357 1275 478 1340 cundem
496 1276 587 1353 possit
606 1277 711 1337 Lector
738 1275 917 1357 intelligere,
939 1295 974 1334 ex
995 1274 1119 1334 Nummi
1133 1276 1346 1351 delineatione,
1380 1276 1424 1337 bis

359 1382 488 1466 praefixa,
501 1392 531 1441 ct
541 1382 633 1443 multo
644 1380 759 1463 quidem
770 1382 961 1454 accuratiore,
974 1402 1056 1462 quarn
1066 1380 1134 1453 illa,
1146 1380 1346 1464 jamdudum
1357 1381 1424 1445 viris

328 1518 333 1523 ·
358 1486 554 1551 illustrissimis
571 1487 720 1573 divulgata.

401 1595 460 1653 111.
481 1593 579 1675 ltaque
592 1593 637 1656 vel
653 1591 722 1652 hinc
737 1592 827 1670 palam
845 1592 898 1665 fit,
921 1613 956 1653 eo
975 1593 1005 1652 in
1021 1592 1147 1653 Nummo
1167 1595 1239 1655 nihil
1259 1595 1335 1655 aliud
1351 1616 1423 1676 sup-

359 1699 493 1779 plendum
507 1711 536 1759 et
548 1698 718 1783 legendum,
737 1720 820 1780 quarn
835 1698 914 1780 qnod
927 1699 959 1758 io
976 1697 1032 1759 alio
1045 1700 1172 1782 ejusdem
1186 1701 1297 1783 generis
1322 1712 1351 1760 at
1377 1700 1423 1759 in·

359 1807 514 1890 tegerriruo
530 1805 726 1889 conspicitur,
750 1827 838 1883 penes
856 1805 1077 1867 illustrissimum
1097 1809 1231 1868 comitem
1253 1804 1425 1869 Pcmdmltioe

360 1936 424 1976 cum
438 1914 498 1974 aliis
514 1912 725 1996 quamplurimis
744 1924 773 1972 et
794 1911 961 1988 rarissimis,
980 1935 1120 1995 quemque
1143 1914 1191 1974 bic
1209 1916 1292 1975 ctiam
1314 1936 1424 1996 reprn-

360 2033 510 2082 sentamus.
529 2022 564 2079 lu
581 2020 663 2102 hujus
674 2040 777 2102 nempe
789 2018 878 2098 prima
895 2017 962 2080 lacic
979 2019 1194 2102 elegantissimis
1207 2019 1329 2092 litteris,
1342 2020 1384 2080 uti
1394 2031 1423 2081 et

360 2125 590 2199 evidentissimis,
605 2126 708 2210 legitur
725 2148 732 2184 z
748 2138 907 2189 οΥΗΙΔΙΟΣ
924 2138 1129 2201 subsecuti,
1147 2128 1257 2188 circum
1269 2137 1355 2209 caput
1367 2129 1424 2187 irn-

361 2233 455 2303 terte,
470 2243 498 2291 at
508 2232 587 2313 quod
598 2234 725 2315 aerugiue
741 2233 781 2292 sic
799 2245 842 2294 est
858 2231 1023 2305 inductum,
1041 2244 1073 2293 ut
1086 2232 1181 2294 vultus
1199 2233 1275 2294 baud
1287 2244 1366 2293 certo
1385 2230 1427 2292 di-

362 2338 462 2420 gnosci
475 2337 584 2415 possit,
599 2339 705 2399 etiamsi
717 2360 845 2400 censeam
855 2361 920 2400 eum
929 2339 1049 2401 omnino
1060 2360 1120 2401 esse
1129 2341 1260 2419 Auguru'.
1276 2340 1325 2401 Ab
1332 2360 1425 2401 aversa

363 2441 463 2503 deinde
471 2455 548 2519 parte
558 2442 675 2503 babetur
682 2455 766 2525 caput
770 2444 933 2516 haedulum,
946 2457 975 2505 et
981 2444 1134 2507 laureatum
1143 2486 1152 2520 ,
1161 2458 1297 2526 quantum
1304 2445 1425 2523 licetper

363 2548 479 2609 andem
491 2550 647 2632 aeruginem
661 2548 800 2632 judicare,
812 2561 895 2631 atque
906 2550 977 2611 adeo
989 2552 1138 2633 ipsiusrpet
1149 2551 1230 2612 Jorr's
1237 2595 1249 2624 ‚
1270 2551 1320 2611 luc
1337 2553 1428 2634 sigua

364 2667 424 2714 tum
441 2653 622 2737 Epigraphe:
641 2666 846 2716 usuruseoz
863 2668 1063 2727 uariatior,
1078 2656 1106 2716 id
1121 2668 1166 2717 est
1178 2657 1341 2716 Menander
1353 2657 1428 2717 Par-
1522 2636 1526 2647 ⁴

365 2762 456 2821 rbusit'
462 2758 562 2837 filius,
582 2781 643 2821 uon
659 2780 743 2836 vcro,
770 2771 803 2819 ut
824 2759 1003 2822 doctissimus
1024 2760 1210 2839 spanhemius
1226 2760 1375 2842 supplebat
1399 2774 1428 2822 et

363 2867 621 2947 interpretabatur,
638 2868 796 2928 Meranda·
809 2867 969 2928 Parrhasii.

403 2976 456 3035 lv,
478 2976 566 3035 Hunc
578 2986 671 3034 autern
686 2974 842 3034 Nummum
853 2985 933 3033 antea
946 2972 1109 3052 possidebat
1121 2975 1168 3036 Cl.
1179 2973 1246 3036 Joh.
1257 2972 1423 3052 daughters,

364 3080 438 3158 apud
454 3101 537 3160 quern
553 3101 617 3139 euro
634 3079 703 3140 olim
717 3079 934 3163 descripseram
957 3080 1089 3163 idemque
1104 3080 1225 3159 proinde
1240 3093 1304 3153 est,
1320 3083 1335 3157 (
1349 3078 1428 3162 quod

366 3184 539 3246 dissimulare
551 3185 639 3259 nolo,
655 3207 708 3246 nec
723 3185 838 3264 debeo)
851 3209 934 3269 quem
949 3188 1071 3269 protuli,
1087 3188 1180 3269 utqui
1191 3185 1427 3264 biturissugr'er·

365 3291 439 3351 tibus
455 3312 561 3352 nomeu
577 3312 693 3374 quoque
708 3291 852 3352 Pollionis
870 3293 992 3353 haberet.
1017 3295 1128 3353 Verum
1149 3292 1179 3351 in
1205 3294 1281 3354 hunc
1303 3314 1428 3354 errorem

366 3397 470 3457 luseram
493 3396 648 3469 inductus,
665 3397 746 3479 quod
765 3400 855 3458 vitum
882 3399 995 3469 Ouidii,
1018 3397 1127 3479 aliquot
1148 3410 1215 3476 post
1234 3397 1334 3471 annis,
1354 3397 1428 3457 deli·

368 3525 451 3564 neans
466 3547 474 3577 ,
492 3503 521 3562 in
536 3506 605 3564 meis
620 3504 772 3582 reperirem
783 3503 894 3564 schedis
902 3516 1009 3586 puncta
1020 3505 1094 3565 iuter
1105 3525 1208 3578 voces,
1226 3517 1385 3565 οΥΗίΔΙοΣ
1397 3525 1428 3564 ac

368 3622 554 3672 tartareus·
567 3610 714 3683 adnotata,
727 3633 791 3692 quus
804 3624 871 3670 tunc
882 3608 1046 3671 festinanter
1057 3610 1140 3670 nimis
1151 3609 1278 3670 scribens
1287 3607 1429 3681 intellexi,

367 3736 398 3774 ac
416 3716 438 3774 si
454 3714 665 3798 significarent,
682 3714 746 3776 alias
765 3715 926 3777 interfuisse
944 3717 1070 3791 litteras,
1093 3740 1157 3798 qam.
1173 3717 1247 3776 baud
1263 3715 1335 3776 clare
1353 3716 1433 3799 lege-

368 3832 487 3895 rentur3
504 3845 590 3903 quum
606 3835 699 3882 umen
709 3824 768 3898 ipsa
776 3820 872 3882 forent
883 3835 959 3883 extra
975 3822 1141 3905 epigraphes
1153 3822 1291 3882 circulum
1306 3823 1432 3904 signata,

403 4058 410 4088 ¹
427 4056 472 4111 Sic
486 4066 513 4110 et
525 4056 557 4109 ab
571 4055 651 4110 altera
666 4056 770 4109 nummi
784 4066 872 4126 parte,
887 4054 999 4110 eandem
1012 4056 1046 4109 ob
1056 4075 1178 4121 cauum,
1192 4056 1234 4109 lrae
1248 4066 1353 4109 nutum
1367 4054 1440 4108 exbi-

369 4148 466 4202 bentur
478 4146 571 4201 littere
583 4166 589 4201 ι
601 4156 854 4216 ΜΕΝΔ-ΔΣΙΟΥ,
869 4167 927 4217 qun
938 4167 996 4218 pars
1008 4156 1069 4201 sunt
1080 4148 1241 4217 integrarum
1250 4165 1345 4201 vocum
1356 4184 1363 4215 ,
1376 4156 1437 4202 tet-:-

368 4249 506 4298 ΝᾸΝΔΡΟΣ
521 4248 688 4298 MPsztot'.
