3159 5134
348 498 409 580 sss
667 499 706 561 e.
740 496 918 562 ovmn
951 494 1088 561 vrrs

341 657 420 743 post
438 638 581 739 priorem
599 636 716 709 horum
732 634 896 708 librorum
917 634 1095 708 editionem
1113 631 1241 705 addidit
1256 631 1407 705 secunde

342 757 488 833 subhac
501 751 775 854 temporassem,
795 781 896 853 quum
912 751 1055 826 Ovidius
1069 751 1136 851 jam
1152 749 1409 851 quadragenariis

342 890 467 1061 essilllis
484 1003 562 1060 snut
578 983 751 1085 ipsiusmet
771 982 887 1056 Ovidii
912 981 1121 1067 testimonia,
1141 979 1264 1081 quibus
1288 978 1409 1054 diserte

342 1101 527 1203 profitetur,
541 1128 575 1173 se
592 1097 776 1198 Trugaedsizs
792 1097 972 1197 scripsisse.
988 1096 1043 1169 Sic
1054 1097 1156 1168 Trist.
1174 1093 1235 1167 lib.
1255 1096 1308 1180 ll,
1324 1121 1407 1167 vers

345 1217 415 1316 519
431 1234 465 1291 et
483 1214 568 1300 520,
587 1213 628 1287 ad
645 1215 859 1308 Augustum:

502 1360 537 1413 Et
549 1379 605 1412 mea
617 1369 678 1412 sunt
689 1358 785 1428 populo
796 1362 1017 1426 saltatapoemta
1028 1377 1095 1429 sscpe
1106 1379 1112 1410 ε

537 1453 613 1522 Saepe
626 1452 714 1505 oculos
723 1451 805 1505 etiam
816 1450 955 1505 detinuere
968 1462 1035 1505 tuos.

341 1571 483 1646 Interius
501 1596 598 1651 vero,
616 1595 698 1640 vers.
720 1566 790 1640 553
808 1584 841 1640 et
859 1565 953 1660 554:

504 1716 540 1771 Et
552 1715 673 1770 dedimus
682 1721 786 1784 tragicis
797 1717 922 1784 scriptum
935 1716 1021 1787 regale
1033 1719 1176 1770 cothurnis:

535 1808 656 1876 Quaeque
669 1807 753 1877 gravis
765 1807 843 1860 debet
856 1807 936 1860 veslsa
946 1809 1081 1861 cotdmss
1094 1807 1180 1862 habet

339 1928 485 2002 Tandem
503 1944 536 2001 et
550 1926 652 2000 Trist.
670 1924 729 1998 lib.
749 1926 793 2011 V,
807 1924 900 2019 Eleg.
921 1943 1095 2011 vl1‚vers.
1113 1924 1245 2000 25·28:

504 2071 631 2126 Carmina
642 2070 713 2141 quod
726 2071 806 2139 pleno
816 2075 912 2124 saltan‘
920 2081 1008 2125 nostra
1019 2075 1131 2137 theatro,

534 2161 661 2216 Versibus
672 2172 699 2214 et
713 2160 801 2229 plaudi
812 2159 917 2227 scribis,
929 2161 1027 2228 amne,
1041 2162 1121 2225 meis;

501 2252 545 2307 Nu
557 2252 682 2321 equidem
693 2250 743 2303 feci
757 2253 802 2316 (tu
813 2250 861 2303 scis
875 2249 928 2304 hoe*
936 2250 1008 2320 ipse)
1022 2254 1128 2304 theatra.

340 2384 495 2480 Legimus
511 2407 628 2479 nempe
644 2379 708 2452 hoc
727 2395 898 2480 postremo
914 2406 1010 2452 versu
1027 2406 1095 2453 non
1112 2377 1258 2465 theatris,
1280 2398 1318 2454 ut
1332 2381 1411 2455 vul·

342 2528 436 2596 gares
463 2495 540 2570 libri
561 2496 693 2577 serunt,
716 2494 774 2568 sed
799 2494 927 2568 theatra.
953 2495 1085 2569 Etenim
1102 2524 1142 2569 ex
1159 2513 1233 2569 tuto
1252 2514 1411 2573 contextu

338 2612 549 2689 manifestum
565 2626 632 2698 est,
650 2607 808 2683 Ovidium
827 2638 896 2682 non
911 2610 976 2683 sibi
991 2609 1089 2696 velle,
1109 2639 1143 2685 se
1160 2609 1243 2684 nihil
1259 2611 1406 2700 theatris,

340 2730 373 2803 id
387 2746 457 2814 est,
474 2726 515 2800 sd
530 2724 668 2809 theatra,
687 2722 738 2797 rel
756 2724 846 2824 quod
862 2724 987 2799 theatris
1002 2724 1194 2814 sultaretur,
1212 2728 1382 2829 scripsisse
1400 2761 1409 2816 ;

341 2844 398 2920 sed
424 2842 558 2917 omnino
584 2839 790 2938 siguificare,
814 2869 849 2915 se
875 2839 972 2915 nihili
991 2842 1116 2935 fiecs'sse,
1146 2871 1204 2917 seu
1232 2845 1410 2921 estimasse

339 2959 466 3035 theatra.
487 2961 597 3056 Quem
613 2984 744 3032 sensum
764 2958 884 3031 evincit
900 2977 932 3032 et
947 2959 1154 3061 subsequens
1171 2961 1349 3037 versiculus
1365 2995 1373 3035 ε

505 3105 583 3159 Musa
594 3124 643 3159 nec
656 3105 682 3157 iu
697 3103 800 3173 plausus
815 3104 949 3159 ambitiose
960 3125 1019 3159 ntea
1032 3118 1086 3174 est,
1098 3118 1149 3162 etc.

389 3231 447 3302 lV.
466 3227 520 3303 Ad
537 3256 572 3301 es
587 3256 690 3328 porro
707 3229 995 3328 tetigissemus,
1014 3260 1087 3332 quae
1103 3250 1179 3307 ante
1195 3232 1260 3308 hoc
1277 3250 1406 3336 tempus

342 3362 485 3447 cuperat
506 3342 659 3445 quidem,
683 3345 739 3419 sed
756 3345 802 3417 ob
818 3347 977 3423 amatoria
1000 3377 1067 3422 non
1090 3350 1297 3442 absolverat,
1323 3354 1405 3430 resc-

338 3463 477 3536 reudum
493 3458 587 3562 quod
604 3459 706 3533 habet
718 3462 834 3534 Amor.
852 3459 912 3536 lib.
932 3465 985 3552 ll,
1002 3464 1097 3561 Eleg.
1115 3486 1146 3555 1,
1165 3498 1185 3542 a
1201 3497 1284 3544 vers.
1306 3496 1343 3541 11
1360 3501 1367 3540 :

502 3607 590 3660 Ausus
600 3625 675 3659 eram
686 3647 694 3673 ,
707 3607 832 3674 memini,
847 3608 957 3664 calescis
970 3610 1056 3665 dicere
1068 3612 1150 3676 bella,

539 3696 782 3767 Centimanumque
796 3698 906 3771 Gygem·
920 3713 947 3754 et
958 3704 1019 3757 satis
1029 3703 1082 3756 oris
1092 3716 1167 3757 erat:

507 3788 601 3857 Quum
616 3788 685 3841 male
696 3808 723 3841 se
736 3789 826 3843 Tellus
838 3791 891 3843 ulta
903 3803 959 3858 est,
973 3794 1124 3863 ingestaque
1137 3794 1254 3868 Olympo

538 3877 629 3931 Ardua
641 3877 769 3931 devexum
781 3880 875 3933 Pelion
886 3880 953 3935 Ossa
965 3883 1033 3937 tulit.

502 3969 533 4021 ln
548 3966 669 4022 manibus
681 3969 799 4036 nimbos,
813 3982 911 4025 etcum
924 3973 991 4029 Jove
1001 3974 1101 4031 fulmen
1114 3977 1239 4047 habenti,

449 4085 453 4096 =
537 4058 620 4127 Quod
632 4058 700 4112 bene
713 4079 761 4128 pro
772 4061 835 4114 caelo
845 4063 963 4118 mitteret
975 4064 1017 4120 ille
1026 4086 1088 4134 suo,

501 4149 602 4203 Clausit
614 4151 696 4204 amica
707 4150 777 4204 loces
789 4172 796 4204 :
807 4172 856 4223 ego
867 4175 928 4208 cum
940 4156 1007 4210 Jove
1019 4156 1120 4212 tulmen
1131 4158 1221 4222 omisi,
1235 4170 1282 4213 ete

503 4238 642 4293 Blanditias
653 4239 790 4309 elegosque
801 4242 885 4312 leves,
898 4265 958 4299 mea
971 4245 1020 4301 tela
1031 4288 1039 4313 ,
1052 4249 1176 4316 resumsi,
1190 4259 1237 4303 etc.
