3159 5134
446 489 513 556 er
537 487 923 558 ranrarrouns
1156 494 1221 586 309

150 630 270 729 injuria
295 658 303 702 :
326 655 429 729 eaque
446 627 598 704 locomm
613 628 701 703 inter
716 629 1000 730 sc'comparatio‚
1022 630 1087 703 nisi
1108 627 1222 719 fallor,

151 747 250 822 vohis
271 746 334 821 e1it
349 751 419 820 uon
435 746 628 845 injucunda.¹
644 750 736 822 lstuc
752 765 862 821 autem
884 747 975 849 quod
991 749 1156 823 ¹armorum
1170 749 1222 849 ju·

154 865 276 939 dicium
297 883 519 953 rocaverunt,
537 864 632 940 valde
655 864 733 939 olim
756 865 936 966 probatum
958 865 1225 969 celebratumque

152 982 217 1057 fuit
242 1012 250 1056 :
275 982 503 1082 Caesaremque
520 983 629 1083 ipsum
647 984 839 1079 Augustum
855 984 891 1056 in
911 1011 950 1057 co
970 981 1087 1079 genere
1103 982 1221 1059 lusisse

152 1099 247 1196 jocus
261 1097 362 1173 illius
383 1097 527 1186 indicat,
550 1128 648 1200 quem
669 1099 769 1174 refert
790 1099 983 1174 Macrobius
1009 1099 1064 1175 bis
1089 1100 1222 1175 verbis:

158 1244 174 1277 o
193 1212 328 1311 Ajacem
341 1212 533 1308 tragediam
550 1213 744 1313 scripserat,
757 1241 912 1314 eamque,
928 1212 1017 1314 quod
1032 1213 1098 1287 sihi
1108 1211 1223 1314 displi-

156 1361 173 1395 υ
192 1331 330 1430 coisset,
356 1329 527 1405 deleverat.
545 1332 666 1405 Postea
689 1332 831 1419 hocius,
856 1331 963 1428 gravis
986 1330 1220 1427 tragediarum

156 1479 173 1512 r>
193 1465 333 1535 auctor,
358 1476 432 1521 enm
457 1447 693 1550 interrogavit,
712 1448 795 1550 qnid
818 1467 929 1544 ageret
953 1449 1035 1548 Ajax
1056 1451 1222 1524 suus21n

155 1594 171 1627 o
191 1562 382 1664 spongiam,
396 1559 698 1662 inquit,'iucobuit
712 1594 729 1627 u
745 1563 906 1637 Praeterea
916 1561 1047 1636 nobiles
1057 1562 1218 1665 pictores,

153 1696 191 1752 ut
202 1695 283 1752 sunt
296 1677 418 1774 gemini
433 1678 581 1773 germani
595 1695 768 1778 poetarum
783 1676 877 1776 (inl
888 1678 950 1770 pole
963 1680 1119 1772 {manle
1136 1681 1221 1752 nola-

152 1829 193 1877 σκ
212 1803 372 1886 cmd'ee,
393 1798 506 1876 nolam
524 1794 566 1867 dl
581 1794 732 1890 <aspasio
750 1796 889 1869 λαλοῦσι
901 1798 941 1895 ),
961 1797 998 1870 in
1014 1825 1053 1871 eo
1072 1809 1110 1872 se'
1124 1826 1220 1895 argu·

153 1930 265 1987 mento
282 1911 422 1987 libenter
439 1929 671 2000 exercuerunt,
688 1938 834 2012 suasque
851 1909 981 1986 tabulas
996 1913 1037 1985 iis
1050 1912 1220 1988 coloribus

152 2027 356 2102 inusserunt.
373 2026 581 2101 'limanthem
594 2041 628 2100 et
639 2024 851 2099 Parrhasium
868 2041 988 2115 testor,
1006 2045 1149 2126 quorum
1164 2027 1219 2101 hic

154 2140 264 2229 Sami,
281 2143 408 2237 magnis
424 2141 613 2238 sulliagiis,
636 2159 676 2216 ut
691 2139 820 2216 Plinius
843 2139 1006 2244 loquitur,
1026 2144 1067 2216 ab
1089 2141 1166 2233 illo,
1184 2144 1219 2217 in

154 2256 253 2356 Ajace
275 2284 508 2358 armorumque
530 2256 656 2357 judicio
674 2274 866 2358 superatus,
889 2256 1001 2332 herois
1015 2257 1168 2348 nomine,
1185 2286 1220 2334 sc

152 2368 290 2444 moleste
304 2369 391 2445 serre
407 2370 552 2470 dicebat,
569 2370 660 2473 quod
673 2370 794 2446 iterum
804 2371 845 2446 ah
856 2371 1108 2468 iudignovictus
1121 2391 1215 2448 esset

152 2488 268 2589 ltaque
292 2487 327 2561 in
352 2516 390 2563 eo
414 2490 554 2563 carmine
571 2517 631 2563 nec
649 2517 751 2590 opera
769 2518 840 2565 mea
859 2520 919 2566 nec
934 2509 1042 2566 restra
1056 2489 1216 2566 ludetur:

150 2631 210 2679 nec
225 2604 255 2680 si
272 2605 412 2707 propior
429 2604 534 2708 stylus
545 2606 602 2680 hic
618 2635 718 2709 quam
731 2609 916 2697 cothurno,
931 2609 1027 2683 vohis
1042 2607 1141 2683 vilior
1158 2610 1217 2683 ha·

150 2719 307 2794 habitur:
321 2719 386 2795 nisi
397 2720 482 2796 lorte
494 2721 656 2823 quosdam
668 2722 711 2796 ab
729 2722 842 2797 Ovidii
853 2721 993 2797 lectione
1007 2722 1144 2797 abducit
1154 2725 1217 2798 Se·
1296 2725 1300 2734 '

148 2861 238 2909 nesae
252 2832 467 2937 philosophi,
484 2853 519 2910 et
533 2835 628 2910 Fabii
643 2836 787 2911 rhetoris
804 2836 1001 2923 auctoritas,
1020 2836 1078 2937 qui
1093 2836 1216 2911 ovidio

151 2981 219 3027 nou
242 2952 384 3028 multum
409 2955 583 3044 tribuunt,
602 2955 670 3032 sive
691 2957 808 3058 potius
826 2956 1008 3058 plurimum
1028 2956 1214 3030 detrahunt.

151 3071 257 3147 Fabio
270 3071 381 3172 prius,
399 3071 564 3174 posterius
573 3073 704 3148 &necas
716 3072 938 3176 respondebo.
955 3072 1093 3164 Fabius,
1107 3072 1142 3148 in
1155 3072 1215 3147 lih.

153 3189 185 3263 X
200 3189 452 3264 Institutionum
466 3188 695 3264 Oratoriarum
707 3237 721 3276 ,ι
732 3216 804 3289 cap.
829 3216 868 3278 1,
885 3187 946 3263 ubi
963 3187 1004 3263 de
1020 3190 1098 3264 riet
1113 3188 1215 3264 lacul-

154 3322 217 3380 tate
228 3321 399 3407 poetarum
412 3304 586 3406 utriusque
599 3303 718 3400 liuguae
728 3305 874 3393 disserit,
888 3306 934 3381 ita
944 3305 985 3381 de
999 3307 1122 3382 Ovidis
1137 3337 1217 3409 pro-

152 3422 284 3498 nuntiat
298 3452 307 3495 :
321 3457 337 3490 s
349 3421 505 3497 baseium
516 3422 552 3494 iu
563 3420 705 3495 heroicis
716 3450 848 3523 quoque
863 3422 1021 3511 Ouidius,
1032 3424 1216 3499 etnimium

153 3572 171 3605 u
187 3556 315 3614 amator
323 3537 447 3635 ingenii
458 3538 519 3614 sui.
534 3539 630 3613 »Nec
641 3536 759 3639 procul
771 3539 851 3613 hinc
864 3567 873 3613 ε
888 3572 905 3604 «
918 3539 1060 3614 Ovidius
1075 3557 1217 3641 utroque

151 3687 169 3721 u
188 3653 341 3751 (libello
350 3673 384 3730 et
393 3655 587 3756 Propertio)
595 3654 758 3732 lascivior.
768 3657 846 3730 »Ac
856 3654 958 3757 paulo
967 3673 1063 3757 post:
1076 3688 1094 3722 s
1105 3654 1218 3730 Ovidii

151 3805 169 3839 »
186 3773 305 3849 Medea
316 3774 366 3872 (id
376 3771 542 3870 tragediae
552 3774 917 3868 nomen)videturmihi
927 3774 1099 3851 ostendere
1109 3802 1217 3876 quan·

152 3924 170 3958 u
189 3909 261 3966 tum
276 3892 327 3965 vir
340 3890 396 3967 ille
411 3909 566 3994 prestare
579 3894 745 3993 potuerit,
764 3892 793 3968 si
810 3895 990 3996 temperare
1002 3893 1135 3989 ingenio
1154 3921 1216 3968 suo

150 4035 169 4074 a
188 4036 287 4109 quam
302 4007 476 4105 indulgere
492 4006 672 4082 maluisset
691 4043 709 4074 »
723 4009 824 4083 Amat
831 4007 1008 4105 ‘ingiam
1021 4005 1119 4083 suom
1132 4005 1218 4083 ovi-

150 4121 224 4198 dius
239 4154 255 4198 :-
265 4152 423 4221 magnum
436 4124 574 4212 cumen,
592 4123 678 4197 etad
693 4121 889 4200 tribunall.
907 4123 1013 4199 Cassii
1029 4124 1218 4225 quaesitoris
1353 4165 1361 4182 ·

150 4236 386 4319 deserendum?
403 4242 551 4330 Mirum,
572 4238 608 4314 ni
622 4238 729 4315 oderit
746 4269 754 4314 ε
771 4266 865 4315 more
877 4237 1052 4318 hominum
1064 4238 1164 4328 facit,
1184 4256 1221 4317 et
