3159 5134
461 529 559 600 eur
584 533 616 598 J.
642 531 867 602 Missos.
1052 541 1055 552 ·
1138 534 1195 620 141

295 667 330 722 Et
342 686 429 737 neque
440 671 553 732 duetut,
567 687 617 724 uec
623 680 772 739 pauperum
783 670 901 725 notanda
912 690 919 724 t

329 756 413 813 Unde
427 757 459 812 fit
472 758 499 811 in
511 770 637 813 neutrum
649 760 847 830 conspiciendus
853 780 935 831 eques.
949 805 952 812 i

296 846 337 903 Sit
348 865 453 917 quoque
467 860 555 903 nostra
567 849 662 904 domus
674 851 714 904 vei
726 871 806 905 censu
818 871 910 922 parva,
923 850 964 904 vel
977 863 1037 906 ortu
1052 873 1059 916 ς

329 936 441 1006 Ingenio
453 948 524 992 certe
535 957 591 993 uon
605 939 721 994 lateritia
735 959 804 994 meo.
832 981 837 1003 ,

248 1236 330 1292 Auno
342 1248 404 1292 aute
417 1236 450 1291 C.
461 1256 525 1303 1113
539 1240 576 1295 U.
588 1237 620 1293 C.
631 1254 775 1306 occxxm
793 1238 899 1307 Ovidii,
913 1257 980 1296 mv
990 1254 1017 1298 et
1029 1259 1092 1299 xxv.

154 1403 184 1459 C.
208 1402 391 1458 suutlo
415 1400 704 1470 SATURNINO,
724 1404 761 1473 Q.
786 1404 1030 1464 LUCRETIO
1049 1408 1171 1468 COSS.

178 1548 204 1617 Ι.
223 1545 337 1617 ΗΔυῐ)
356 1561 431 1617 ante
446 1545 536 1618 hunc
552 1572 674 1618 anuum
698 1544 840 1620 Ovidius
864 1547 976 1647 potuit
999 1549 1113 1623 Amor.
1142 1549 1200 1624 lib.

135 1663 204 1748 Ill,
217 1660 379 1757 Elegux,
396 1661 609 1748 eoncinnare‚
625 1691 727 1762 quum
741 1689 776 1735 ea
793 1663 826 1735 T
823 1663 1062 1740 ibullimortem
1074 1667 1201 1742 defleat.

136 1780 169 1852 is
185 1777 274 1849 euim
295 1793 392 1876 poeta
409 1775 474 1849 hoe
490 1803 595 1860 anno,
616 1804 683 1876 quo
699 1795 837 1851 exeunte
857 1777 1008 1879 Virgilius
1023 1790 1030 1819 ¹
1048 1781 1203 1864 decessit,

134 1889 287 1965 ultimum
299 1890 387 1964 obiit
396 1889 501 1978 diem,
516 1890 544 1965 si
558 1890 823 1991 epigrammatio‚
841 1895 932 1991 quod
944 1895 1056 1969 Marso
1066 1896 1206 1970 Domitio

134 2006 349 2094 adscribitur,
363 2006 546 2081 credimus:

296 2154 335 2208 Te
351 2174 455 2225 quoque
469 2156 604 2209 Vrusmo
616 2154 741 2209 comitem
752 2173 807 2208 uon
820 2173 908 2223 equa,
923 2156 1064 2221 Tenum,

332 2247 404 2299 Mors
415 2248 540 2314 juvenem
553 2264 658 2314 campos
671 2245 741 2300 misit
753 2245 785 2298 ad
800 2244 908 2318 Elysios.

137 2363 233 2437 Unde
250 2333 356 2464 liquet
371 2360 473 2463 paulo
489 2379 569 2462 post
589 2361 721 2462 Virgilii
735 2362 867 2436 obitum
884 2364 950 2436 vita
967 2362 1117 2437 sunctum
1133 2390 1203 2439 esse

137 2479 318 2564 Tibullum,
348 2477 513 2579 siquidem
531 2476 585 2551 hic
610 2506 719 2560 comes
740 2476 831 2552 illius
849 2478 890 2552 ad
908 2479 1052 2579 Campos
1072 2478 1204 2581 Elysios

135 2596 255 2669 missus
274 2596 389 2668 Marso
409 2593 541 2667 dicitur.

180 2711 234 2784 Ex
262 2710 334 2810 ipsa
358 2737 436 2783 vero
453 2710 597 2784 Nasonis
619 2706 734 2804 Elegia
758 2710 936 2797 discimus,
957 2708 1116 2782 Tibullum
1138 2735 1205 2780 nou

135 2828 234 2901 modo
241 2846 321 2928 post
337 2826 466 2902 Calvum
481 2857 518 2900 ac
535 2825 693 2901 Catullum
703 2825 936 2901 mortalitatem
946 2825 1089 2911 exuisse,
1104 2824 1161 2898 sed
1174 2844 1207 2898 et

136 2963 209 3044 post
231 2943 407 3018 Cornelium
427 2945 582 3029 Gdluru,
608 2944 666 3044 qui
683 2971 770 3016 anuo
789 2947 832 3016 U.
852 2943 889 3017 C.
911 2959 1114 3026 Decimii,
1140 2939 1205 3014 sibi

141 3061 301 3137 violentas
314 3091 432 3136 manus
440 3059 612 3148 intulerat,
625 3061 736 3133 Dione
748 3070 760 3098 ²
774 3078 865 3134 teste.
880 3061 978 3135 Cauit
988 3059 1074 3134 enim
1086 3060 1207 3132 Noster

138 3181 248 3256 eadem
267 3182 382 3276 Elegia
397 3200 457 3268 lx,
473 3208 554 3253 vers.
574 3177 707 3250 60-65:

469 3325 502 3380 Iu
517 3326 604 3397 Elysia
615 3324 680 3379 valle
695 3324 838 3380 Tutunus
850 3326 908 3378 erit.

302 3419 405 3476 Obvius
418 3417 479 3472 huic
491 3418 580 3471 venias
593 3416 690 3471 hedera
701 3417 824 3491 juvenilia
836 3417 936 3470 cinctus

334 3512 484 3579 Tempora,
497 3528 558 3563 cum
574 3505 684 3572 Curvo,
699 3507 773 3560 docte
787 3506 936 3572 Curuus,
950 3517 1004 3562 tuo.

304 3602 347 3658 Tu
358 3620 477 3672 quoque.
490 3601 510 3653 si
524 3598 617 3652 salsum
631 3608 668 3651 est
682 3598 801 3651 temerati
815 3599 916 3651 crimen
929 3598 1022 3664 amici,

339 3691 480 3761 Sanguinis
492 3701 570 3759 atque
583 3688 678 3742 auimo
692 3689 818 3758 prodige,
830 3687 940 3754 (turn,
952 3698 1013 3742 tuoe.

305 3783 355 3838 His
366 3801 455 3837 comes
467 3782 561 3836 umbra
575 3790 677 3834 tuaest.

138 3903 183 3978 At
199 3899 330 4001 aliquot
346 3916 424 4001 post
444 3897 573 3974 Gallum
590 3895 687 3970 aunis
705 3894 865 3968 Tibullum
883 3894 1021 3981 vixisse,
1038 3892 1128 3968 haud
1146 3895 1210 3968 ob·

141 4044 237 4090 soure
251 4014 377 4092 indicat
394 4013 555 4100 Ovidius,
573 4013 674 4085 Trist
700 4008 758 4084 lib.
778 4010 946 4106 1V‚Eteg.
972 4032 1012 4124 rt,
1030 4010 1130 4085 simui
1151 4011 1210 4085 do·

174 4213 184 4244 ¹
203 4208 274 4263 Vide
284 4229 344 4280 quo
355 4211 384 4262 iu
399 4208 578 4263 Horatii-Vita
591 4206 760 4272 notavimus,
781 4225 840 4276 pag.
855 4207 905 4260 310
920 4217 947 4259 et
961 4205 1017 4259 tu.

170 4297 183 4335 ⁸
201 4294 258 4348 Lib.
272 4294 353 4361 thl,
366 4314 424 4365 pag.
437 4296 484 4349 513
496 4315 503 4358 3
515 4291 567 4348 vid.
581 4291 678 4345 Horat.
689 4291 744 4344 Vit.
755 4310 812 4360 pag.
824 4293 873 4345 nou
885 4302 912 4345 et
924 4309 980 4362 ²09·
